@string{JAN =      "Jan."}
@string{FEB =      "Feb."}
@string{MAR =      "Mar."}
@string{APR =      "Apr."}
@string{MAY =      "May"}
@string{JUN =      "Jun."}
@string{JUL =      "Jul."}
@string{AUG =      "Aug."}
@string{SEP =      "Sept."}
@string{OCT =      "Oct."}
@string{NOV =      "Nov."}
@string{DEC =      "Dec."}
