@InProceedings{levin2008closed,
  title={A closed-form solution to natural image matting},
  author={Levin, Anat and Lischinski, Dani and Weiss, Yair},
  booktitle=PAMI,
  volume={30},
  number={2},
  pages={228--242},
  year={2008},
}

@inproceedings{diebel2005application,
  title={An application of {Markov} random fields to range sensing},
  author={Diebel, James and Thrun, Sebastian},
  booktitle=NIPS,
  volume={5},
  pages={291--298},
  year={2005}
}

@inproceedings{yang2007spatial,
  title={Spatial-depth super resolution for range images},
  author={Yang, Qingxiong and Yang, Ruigang and Davis, James and Nist{\'e}r, David},
  booktitle=CVPR,
  pages={1--8},
  year={2007},
  }

@inproceedings{he2010guided,
  title={Guided image filtering},
  author={He, Kaiming and Sun, Jian and Tang, Xiaoou},
  booktitle=ECCV,
  pages={1--14},
  year={2010},
}

@inproceedings{kopf2007joint,
  title={Joint bilateral upsampling},
  author={Kopf, Johannes and Cohen, Michael F and Lischinski, Dani and Uyttendaele, Matt},
  booktitle=ACMG,
  volume={26},
  number={3},
  pages={96},
  year={2007},
}

@inproceedings{park2011high,
  title={High quality depth map upsampling for {3D-TOF} cameras},
  author={Park, Jaesik and Kim, Hyeongwoo and Tai, Yu-Wing and Brown, Michael S and Kweon, Inso},
  booktitle=ICCV,
  pages={1623--1630},
  year={2011},
}


@inproceedings{ferstl2013image,
  title={Image guided depth upsampling using anisotropic total generalized variation},
  author={Ferstl, David and Reinbacher, Christian and Ranftl, Rene and R{\"u}ther, Matthias and Bischof, Horst},
  booktitle=ICCV,
  pages={993--1000},
  year={2013}
}

@inproceedings{yang2014color,
  title={Color-guided depth recovery from {RGB-D} data using an adaptive autoregressive model},
  author={Yang, Jingyu and Ye, Xinchen and Li, Kun and Hou, Chunping and Wang, Yao},
  booktitle=TIP,
  volume={23},
  number={8},
  pages={3443--3458},
  year={2014},
}

@inproceedings{krishnamurthy2016image,
  title={Image-guided depth map upsampling using normalized cuts-based segmentation and smoothness priors},
  author={Krishnamurthy, Suraj and Ramakrishnan, Kalpathi R},
  booktitle=ICIP,
  pages={554--558},
  year={2016},
}

@inproceedings{uruma2016high,
  title={High resolution depth image recovery algorithm based on the modeling of the sum of an average distance image and a surface image},
  author={Uruma, Kazunori and Konishi, Katsumi and Takahashi, Tomohiro and Furukawa, Toshihiro},
  booktitle=ICIP,
  pages={2836--2840},
  year={2016},
}

@inproceedings{lu2011revisit,
  title={A revisit to {MRF}-based depth map super-resolution and enhancement},
  author={Lu, Jiangbo and Min, Dongbo and Pahwa, Ramanpreet Singh and Do, Minh N},
  booktitle=ICASSP,
  pages={985--988},
  year={2011},
}

@inproceedings{harrison2010image,
  title={Image and sparse laser fusion for dense scene reconstruction},
  author={Harrison, Alastair and Newman, Paul},
  booktitle={Field and Service Robotics},
  pages={219--228},
  year={2010},
}

@inproceedings{scharstein2003high,
  title={High-accuracy stereo depth maps using structured light},
  author={Scharstein, Daniel and Szeliski, Richard},
  booktitle=CVPR,
  volume={1},
  pages={I--195},
  year={2003},
}

@inproceedings{scharstein2007learning,
  title={Learning conditional random fields for stereo},
  author={Scharstein, Daniel and Pal, Chris},
  booktitle=CVPR,
  pages={1--8},
  year={2007},
}

@inproceedings{hirschmuller2007evaluation,
  title={Evaluation of cost functions for stereo matching},
  author={Hirschmuller, Heiko and Scharstein, Daniel},
  booktitle=CVPR,
  pages={1--8},
  year={2007},
}


@InProceedings{Ding:FuseLidarSFM:ICASSP17,
  author = 	 "Li Ding and Gaurav Sharma",
  title =   "Fusing Structure from motion and lidar for accurate dense depth map estimation",
  Fullbooktitle =ICASSP,
  year = "2017",
  note = "submitted to IEEE ICASSP 2017"
}


@inproceedings{yu2014computational,
  title={Computational efficiency improvements for image colorization},
  author={Yu, Chao and Sharma, Gaurav and Aly, Hussein},
  booktitle={IS\&T/SPIE Electronic Imaging},
  pages={902004--902004},
  year={2014},
  ALTorganization={International Society for Optics and Photonics},
}

@article{merris1994laplacian,
  title={Laplacian matrices of graphs: a survey},
  author={Merris, Russell},
  journal={Linear algebra and its applications},
  volume={197},
  pages={143--176},
  year={1994},
}

@inproceedings{schaul2009color,
  title={Color image dehazing using the near-infrared},
  author={Schaul, Lex and Fredembach, Cl{\'e}ment and S{\"u}sstrunk, Sabine},
  booktitle = ICIP,
  fullbooktitle={Proc. IEEE International Conference on Image Processing (ICIP)},
  pages = {1629--1632},
  year={2009}
}




@article{narasimhan2003contrast,
  title={Contrast restoration of weather degraded images},
  author={Narasimhan, Srinivasa G. and Nayar, Shree K.},
  journal = PAMI,
  fulljournal={IEEE transactions on pattern analysis and machine intelligence},
  volume={25},
  number={6},
  pages={713--724},
  year={2003},
}




@article{kopf2008deep,
  title={Deep photo: Model-based photograph enhancement and viewing},
  author={Kopf, Johannes and Neubert, Boris and Chen, Billy and Cohen, Michael and Cohen-Or, Daniel and Deussen, Oliver and Uyttendaele, Matt and Lischinski, Dani},
  journal = ACMG,
  volume={27},
  number={5},
  pages={116},
  year={2008},
}




@article{cai2016dehazenet,
  author={B. Cai and X. Xu and K. Jia and C. Qing and D. Tao}, 
journal = TIP,
fulljournal={IEEE Transactions on Image Processing}, 
title={DehazeNet: An End-to-End System for Single Image Haze Removal}, 
year={2016}, 
volume={PP}, 
number={99}, 
pages={1-1}, 
keywords={Atmospheric modeling;Attenuation;Computational modeling;Estimation;Image color analysis;Image restoration;Scattering;BReLU;Dehaze;deep CNN;image restoration}, 
doi={10.1109/TIP.2016.2598681}, 
ISSN={1057-7149}, 
month={},
}




@inproceedings{berman2016non,
  author = {Berman, Dana and Treibitz, Tali and Avidan, Shai},
title = {Non-Local Image Dehazing},
booktitle = CVPR,
fullbooktitle = {The IEEE Conference on Computer Vision and Pattern Recognition (CVPR)},
month = {June},
year = {2016} }




@article{zhu2015fast,
   title={A fast single image haze removal algorithm using color attenuation prior},
  author={Zhu, Qingsong and Mai, Jiaming and Shao, Ling},
  Journal = TIP,
   fulljournal = {IEEE Transactions on Image Processing},
  volume={24},
  number={11},
  pages={3522--3533},
  year={2015},
} 




@article{fattal2014dehazing,
  title={Dehazing using color-lines},
  author={Fattal, Raanan},
  journal = ACMG,
  fulljournal={ACM Transactions on Graphics (TOG)},
  volume={34},
  number={1},
  pages={13},
  year={2014},
}




@inproceedings{tang2014investigating,
  title={Investigating haze-relevant features in a learning framework for image dehazing},
  author={Tang, Ketan and Yang, Jianchao and Wang, Jue},
  booktitle = CVPR,
  fullbooktitle={2014 IEEE Conference on Computer Vision and Pattern Recognition},
  pages={2995--3002},
  year={2014},
}




@inproceedings{sulami2014automatic,
  title={Automatic recovery of the atmospheric light in hazy images},
  author={Sulami, Matan and Glatzer, Itamar and Fattal, Raanan and Werman, Mike},
  booktitle = ICCV,
  fullbooktitle={Computational Photography (ICCP), 2014 IEEE International Conference on},
  pages={1--11},
  year={2014},
}




@article{ancuti2013single,
  title={Single image dehazing by multi-scale fusion},
  author={Ancuti, Codruta Orniana and Ancuti, Cosmin},
  journal = TIP,
  fulljournal={IEEE Transactions on Image Processing},
  volume={22},
  number={8},
  pages={3271--3282},
  year={2013},
}




@inproceedings{meng2013efficient,
  title={Efficient image dehazing with boundary constraint and contextual regularization},
  author={Meng, Gaofeng and Wang, Ying and Duan, Jiangyong and Xiang, Shiming and Pan, Chunhong},
  booktitle = ICCV,
  fullbooktitle={Proceedings of the IEEE International Conference on Computer Vision},
  pages={617--624},
  year={2013}
}




@article{nishino2012bayesian,
  title={Bayesian defogging},
  author={Nishino, Ko and Kratz, Louis and Lombardi, Stephen},
  journal = IJCV,
  fulljournal={International journal of computer vision},
  volume={98},
  number={3},
  pages={263--278},
  year={2012},
}




@article{he2011single,
  title={Single image haze removal using dark channel prior},
  author={He, Kaiming and Sun, Jian and Tang, Xiaoou},
  journal = PAMI,
  fulljournal={IEEE transactions on pattern analysis and machine intelligence},
  volume={33},
  number={12},
  pages={2341--2353},
  year={2011},
}




@inproceedings{ancuti2010fast,
  title={A fast semi-inverse approach to detect and remove the haze from a single image},
  author={Ancuti, Codruta O and Ancuti, Cosmin and Hermans, Chris and Bekaert, Philippe},
  booktitle={Asian Conf. on Computer Vision},
  pages={501--514},
  year={2010},
}




@inproceedings{tarel2009fast,
  title={Fast visibility restoration from a single color or gray level image},
  author={Tarel, Jean-Philippe and Hautiere, Nicolas},
  booktitle = ICCV,
  fullbooktitle={2009 IEEE 12th International Conference on Computer Vision},
  pages={2201--2208},
  year={2009},
}




@inproceedings{kratz2009factorizing,
  title={Factorizing scene albedo and depth from a single foggy image},
  author={Kratz, Louis and Nishino, Ko},
  booktitle = ICCV,
  fullbooktitle={2009 IEEE 12th International Conference on Computer Vision},
  pages={1701--1708},
  year={2009},
}




@article{fattal2008single,
  title={Single image dehazing},
  author={Fattal, Raanan},
  journal = ACMG,
  fulljournal={ACM transactions on graphics (TOG)},
  volume={27},
  number={3},
  pages={72},
  year={2008},
}




@inproceedings{tan2008visibility,
  title={Visibility in bad weather from a single image},
  author={Tan, Robby T},
  booktitle = CVPR,
  fullbooktitle={Computer Vision and Pattern Recognition, 2008. CVPR 2008. IEEE Conference on},
  pages={1--8},
  year={2008},
}




@inproceedings{scharstein2014high,
  title={High-resolution stereo datasets with subpixel-accurate ground truth},
  author={Scharstein, Daniel and Hirschm{\"u}ller, Heiko and Kitajima, York and Krathwohl, Greg and Ne{\v{s}}i{\'c}, Nera and Wang, Xi and Westling, Porter},
  booktitle={German Conf. on Pattern Recog.},
  pages={31--42},
  year={2014},
}




@inproceedings{silberman2012indoor,
  title={Indoor segmentation and support inference from RGBD images},
  author={Silberman, Nathan and Hoiem, Derek and Kohli, Pushmeet and Fergus, Rob},
  booktitle = ECCV,
  fullbooktitle={European Conference on Computer Vision},
  pages={746--760},
  year={2012},
}




@article{tarel2012vision,
  title={Vision enhancement in homogeneous and heterogeneous fog},
  author={Tarel, Jean-Philippe and Hautiere, Nicholas and Caraffa, Laurent and Cord, Aur{\'e}lien and Halmaoui, Houssam and Gruyer, Dominique},
  journal=IEEE_J_ITS,
  volume={4},
  number={2},
  pages={6--20},
  year={2012},
}




@inproceedings{liu2015deep,
  title={Deep convolutional neural fields for depth estimation from a single image},
  author={Liu, Fayao and Shen, Chunhua and Lin, Guosheng},
  booktitle = CVPR,
  fullbooktitle={Proceedings of the IEEE Conference on Computer Vision and Pattern Recognition},
  pages={5162--5170},
  year={2015}
}




D-hazy dataset
@InProceedings{7532754, 
author={C. Ancuti and C. O. Ancuti and C. De Vleeschouwer}, 
title={D-HAZY: A dataset to evaluate quantitatively dehazing algorithms},
booktitle = ICIP, 
year={2016}, 
pages={2226-2230}, 
keywords={Atmospheric modeling;Attenuation;Computational modeling;Image color analysis;Image restoration;Mathematical model;Observers;dehazing;depth;quantitative evaluation}, 
doi={10.1109/ICIP.2016.7532754}, 
month={Sept}}




@inproceedings{ma2013constant,
  title={Constant time weighted median filtering for stereo matching and beyond},
  author={Ma, Ziyang and He, Kaiming and Wei, Yichen and Sun, Jian and Wu, Enhua},
  booktitle=ICCV,
  pages={49--56},
  year={2013}
}


@inproceedings{Ren-ECCV-2016,
    author = {Ren, Wenqi and Liu, Si and Zhang, Hua and Pan, Jinshan and Cao, Xiaochun and Yang, Ming-Hsuan},
    title = {Single Image Dehazing via Multi-Scale Convolutional Neural Networks},
    booktitle = ECCV,
    year = {2016}
}

@InProceedings{McCartney76,
  author = 	 "E.J.McCartney",
  title =   "Optics of the Atmosphere: Scattering by Molecules and Particles",
  organization = "John Wiley and Sons",
  year = 	 "1976",
  address = "New York, NY"
}




@InProceedings{Koschmieder24,
  author = 	 "H. Koschmieder",
  title =   "Theorie der horizontalen sichtweite",
  booktitle = "Beitrage zur Physik der freien Atmosphare",
  year = 	 "1924"
}



@inproceedings{el2016color,
  title={A Color Image Database for Haze Model and Dehazing Methods Evaluation},
  author={El Khoury, Jessica and Thomas, Jean-Baptiste and Mansouri, Alamin},
  booktitle={International Conference on Image and Signal Processing},
  pages={109--117},
  year={2016},
  organization={Springer}
}

@techreport{international1999multimedia,
  title={Multimedia systems and equipment--colour measurement and management--part 2-1: Colour management--default RGB colour space--sRGB},
  author={International Electrotechnical Commission and others},
  year={1999},
  institution={IEC 61966-2-1}
}

@article{sharma2005ciede2000,
  title={The {CIEDE2000} color-difference formula: Implementation notes, supplementary test data, and mathematical observations},
  author={Sharma, Gaurav and Wu, Wencheng and Dalal, Edul N},
  journal={Color Res. \& Appl.},
  volume={30},
  number={1},
  pages={21--30},
  year={2005},
  publisher={Wiley Online Library}
}


@ARTICLE{1284395, 
author={Zhou Wang and A. C. Bovik and H. R. Sheikh and E. P. Simoncelli}, 
journal=TIP, 
title={Image quality assessment: from error visibility to structural similarity}, 
year={2004}, 
volume={13}, 
number={4}, 
pages={600-612}, 
keywords={data compression;image coding;visual perception;JPEG;JPEG2000;distorted image;error sensitivity;error visibility;human visual perception;human visual system;image compression;image database;perceptual image quality assessment;reference image;structural information;structural similarity index;Data mining;Degradation;Humans;Image quality;Indexes;Layout;Quality assessment;Transform coding;Visual perception;Visual system;Algorithms;Data Interpretation, Statistical;Hypermedia;Image Enhancement;Image Interpretation, Computer-Assisted;Information Storage and Retrieval;Models, Statistical;Pattern Recognition, Automated;Quality Control;Reproducibility of Results;Sensitivity and Specificity;Signal Processing, Computer-Assisted;Subtraction Technique}, 
doi={10.1109/TIP.2003.819861}, 
ISSN={1057-7149}, 
month={April},}


@Misc{ArchBioProjWebsite,
  OPTkey =      {},
  OPTauthor =      {},
  title =      {Architectural Biometrics Project website},
  url={http://www.architecturalbiometrics.com},
  OPThowpublished = {},
  OPTmonth =      {},
  OPTyear =      {},
  OPTnote =      {},
  OPTannote =      {},
}

@inproceedings{Ding:ArchBio:ICIP16,
  title={Comparative analysis of homologous buildings using range imaging},
  author={Ding, Li and Elliethy, Ahmed and Freedenberg, Eitan and Wolf-Johnson, S Alana and Romphf, Joshua and Christensen, Peter and Sharma, Gaurav},
  booktitle=ICIP,
  pages={4378--4382},
  year={2016},
  organization={IEEE}
}

@inproceedings{he2010fast,
  title={Fast matting using large kernel matting laplacian matrices},
  author={He, Kaiming and Sun, Jian and Tang, Xiaoou},
  booktitle=CVPR,
  pages={2165--2172},
  year={2010},
  organization={IEEE}
}