@comment{Abbreviated, Duplicated SPIE Proc with vol based keys for 
	 crossreferencing, CIC/IEEE Proc, spl issues of journals}

@misc{subj:bk011,
 title =  {{ \Large \bf Abbreviated, Duplicated SPIE Proc with vol
		 based keys and CIC/IEEE ICIP Proc for
		 crossreferencing, spl issues of journals}},
}

@article{JSAC:May1998,
  journal = 	 IEEESELCOMM,
  year = 	 {1998},
  volume =       {16},
  number =       {4},
  month =        MAY,
  note =         {Special issue on copyright \& privacy protection},
}


@article{spectrum:May2000,
 journal =	IEEESPECT,
 volume =	{37},
 number =	{5},
 month =	MAY,
 year =	        {2000},
 annote =	{Used pages from this as input for show-through scans},
} 

@article{TRIP_spliss,
 title =        {Special Issue on Color Image Processing}, 
 journal =	IP,
 volume =	{6},
 number =	{7},
 month =	JUL,
 year =	        {1997},
 annote =	{Special issue of Trans IP on Color Imaging},
} 

@article{SigMag_transcode,
 title =        {Special Issue on Transform Coding: Past, Present, and Future}, 
 journal =	SPMAG,
 volume =	{18},
 number =	{5},
 month =	SEP,
 year =	        {2001},
 annote =	{Special issue on transform coding. with articles on JPEG2000 and Multiple description coding},
} 

@article{SigMag_CompressedSensingMar08,
 title =        {Special Issue on Sensing, Sampling, and Compression}, 
 journal =	SPMAG,
 volume =	{25},
 number =	{2},
 month =	MAR,
 year =	        {2008},
 annote =	{Special issue on Compressive Sensing},
} 

@article{SPMAGHalftone:Jul03,
 title =        {Special Issue on Digital Halftoning}, 
 journal =	SPMAG,
 volume =	{20},
 number =	{4},
 month =	JUL,
 year =	        {2003},
 annote =	{Special Issue of SPMAG on Digital Halftoning},
} 

@article{SPMAGColor:Jan05,
 title =        {Special Issue on Color Image Processing}, 
 journal =	SPMAG,
 volume =	{22},
 number =	{1},
 month =	JAN,
 year =	        {2005},
 annote =	{special issue on Color Image Processing},
} 

@article{SPMAGDRM:Mar04,
 title =        {Special Issue on Digital Rights: Management, Protection, Standardization}, 
 journal =	SPMAG,
 volume =	{21},
 number =	{2},
 month =	MAR,
 year =	        {2004},
 annote =	{Special Issue of SPMAG on Digital Rights: Management, Protection, Standardization.},
} 

@article{SPMAGDataMine:May04,
 title =        {Special Issue on Digital Mining: Identifying and Exploiting Patterns in Information}, 
 journal =	SPMAG,
 volume =	{21},
 number =	{3},
 month =	MAR,
 year =	        {2004},
 annote =	{Special Issue of SPMAG on Digital Mining: Identifying and Exploiting Patterns in Information},
} 

@article{SPMAGNetwSP:Sept04,
 title =        {Special Issue on Signal Processing for Networking}, 
 journal =	SPMAG,
 volume =	{21},
 number =	{5},
 month =	SEP,
 year =	        {2004},
 annote =	{Special Issue of SPMAG on Signal Processing for Networking. Various articles on SP for mobile and wireless networks.},
} 

@article{SPMAGSplines:Nov99,
 title =        {Special Issue on Splines for Signal Processing}, 
 journal =	SPMAG,
 volume =	{16},
 number =	{6},
 month =	NOV,
 year =	        {1999},
 annote =	{Special Issue of SPMAG on Splines for Signal Processing- article by Michael Unser},
} 

@article{CSVT_watermark,
 title =        {Special Issue on Digital Rights Management},
 journal =	CASVT,
 volume =	{13},
 number =	{8},
 month =	AUG,
 year =	        {2003},
 annote =	{Special issue on digital rights management},
}

@proceedings{ppics1998,
 title =	{Final Prog. and Proc. Image Processing, Image Quality, Image Capture, Systems Conference},
 booktitle =	{Final Prog. and Proc. Image Processing, Image Quality, Image Capture, Systems Conference},
 month =	MAY,
 year =         {1998},
 address =	{Portland, OR},
 publisher =	{IS\&T},
 annote =	{Final Prog. and Proc. IS\&T's PICS Conference},
 publisheraddr =	{Springfield, VA},
 lccn =	{},
}

@proceedings{ppics2000,
 title =	{Final Prog. and Proc. Image Processing, Image Quality, Image Capture, Systems Conference},
 booktitle =	{Final Prog. and Proc. Image Processing, Image Quality, Image Capture, Systems Conference},
 month =	MAR,
 year =         {2000},
 address =	{Portland, OR},
 publisher =	{IS\&T},
 annote =	{Final Prog. and Proc. IS\&T's PICS Conference},
 publisheraddr =	{Springfield, VA},
 lccn =	{},
}

@proceedings{ppics2001,
 key =          {pics2001},
 title =	{Final Prog. and Proc. Image Processing, Image Quality, Image Capture, Systems Conference},
 booktitle =	{Final Prog. and Proc. Image Processing, Image Quality, Image Capture, Systems Conference},
 month =	"22-25~" # APR,
 year =         {2001},
 address =	{Montr\'{e}al, Canada},
 publisher =	{IS\&T},
 annote =	{Final Prog. and Proc. IS\&T's PICS Conference},
 publisheraddr =	{Springfield, VA},
 lccn =	{},
}

@proceedings{ppics2003,
  key =           {pics2003},
  title =         {Final Prog. and Proc. of The PICS Conference: The Digital Photography Conference},
  booktitle =     {Final Prog. and Proc. of The PICS Conference: The Digital Photography Conference},
  month =        "13-16~" # MAY,
  year =          {2003},
  address =       {Rochester, NY},
  publisher =     {IS\&T},
  annote =        {Final Prog. and Proc. IS\&T's PICS Conference},
  publisheraddr =  {Springfield, VA},
}


@proceedings{sid99dig,
 key =          {sid99dig},
 title =	{SID Intl. Symp. Digest of Tech. Papers},
 booktitle =	{SID Intl. Symp. Digest of Tech. Papers},
 month =        MAY,
 vol =         {},
 year =         {1999},
 address =	{},
 annote =	{},
 lccn =	{}
}

@proceedings{sid97dig,
 title =	{SID Intl. Symp. Digest of Tech. Papers},
 booktitle =	{SID Intl. Symp. Digest of Tech. Papers},
 month =        MAY,
 vol =         {},
 year =         {1997},
 address =	{},
 annote =	{},
 lccn =	{}
}

@proceedings{sid95dig,
 title =	{SID Intl. Symp. Digest of Tech. Papers},
 booktitle =	{SID Intl. Symp. Digest of Tech. Papers},
 month =        "23-25~" # MAY,
 vol =         {XXVI},
 year =         {1995},
 address =	{},
 annote =	{Walt Disney World Dolphin Hotel, Orlando Florida,
		 May23-25, 1995},
 lccn =	{}
}

@proceedings{sid93dig,
 key =          {sid93dig},
 title =	{SID Intl. Symp. Digest of Tech. Papers},
 booktitle =	{SID Intl. Symp. Digest of Tech. Papers},
 month =        MAY,
 vol =         {},
 year =         {1993},
 address =	{},
 annote =	{},
 lccn =	{}
}

@proceedings{sid08dig,
 key =          {sid08dig},
 title =	{SID Intl. Symp. Digest of Tech. Papers},
 booktitle =	{SID Intl. Symp. Digest of Tech. Papers},
 month =        {},
 vol =         {},
 year =         {2008},
 address =	{},
 annote =	{},
 lccn =	{}
}

@Proceedings{pcic14,
  title =         {Proc. {IS}\&{T}/{SID} 22nd Color and Imaging Conference},
  booktitle =         {Proc. {IS}\&{T}/{SID} 22nd Color and Imaging Conference},
  ALTtitle =         {Proc. {IS}\&{T}/{SID} 22nd Color and Imaging Conference: Color Science and Engineering Systems, Technologies, and Applications
Color Science and Engineering Systems, Technologies, and Applications},
  ALTbooktitle =         {Proc. {IS}\&{T}/{SID} 22nd Color and Imaging Conference: Color Science and Engineering Systems, Technologies, and Applications},
  month =        "3-7~" # NOV,
  year =          {2014},
  address =       {Boston, MA},
}

@Proceedings{pcic11,
  title =         {Proc. {IS}\&{T}/{SID} Nineteenth Color and Imaging Conference: Color Science and Engineering Systems, Technologies, and Applications
Color Science and Engineering Systems, Technologies, and Applications},
  booktitle =         {Proc. {IS}\&{T}/{SID} Nineteenth Color and Imaging Conference: Color Science and Engineering Systems, Technologies, and Applications},
  month =        "7-11~" # NOV,
  year =          {2011},
  address =       {San Jose, CA},
}

@Proceedings{pcic10,
  title =         {Proc. {IS}\&{T}/{SID} Eighteenth Color and Imaging Conference: Color Science and Engineering Systems, Technologies, and Applications},
  booktitle =         {Proc. {IS}\&{T}/{SID} Eighteenth Color and Imaging Conference: Color Science and Engineering Systems, Technologies, and Applications},
  month =        "8-12~" # NOV,
  year =          {2010},
  address =       {San Antonio, TX},
}

@Proceedings{pcic08,
  title =         {Proc. {IS}\&{T}/{SID} Sixteenth Color Imaging Conference: Color Science and Engineering: Systems, Technologies, Applications},
  booktitle =         {Proc. {IS}\&{T}/{SID} Sixteenth Color Imaging Conference: Color Science and Engineering: Systems, Technologies, Applications},
  month =        "10-15~" # NOV,
  year =          {2008},
  address =       {Portland, OR},
}


@Proceedings{pcic07,
  title =         {Proc. {IS}\&{T}/{SID} Fifteenth Color Imaging Conference: Color Science and Engineering: Systems, Technologies, Applications},
  booktitle =         {Proc. {IS}\&{T}/{SID} Fifteenth Color Imaging Conference: Color Science and Engineering: Systems, Technologies, Applications},
  month =        "5-9~" # NOV,
  year =          {2007},
  address =       {Albuquerque, NM},
}

@Proceedings{pcic06,
  title =         {Proc. {IS}\&{T}/{SID} Fourteenth Color Imaging Conference: Color Science and Engineering: Systems, Technologies, Applications},
  booktitle =         {Proc. {IS}\&{T}/{SID} Fourteenth Color Imaging Conference: Color Science and Engineering: Systems, Technologies, Applications},
  month =        "6-10~" # NOV,
  year =          {2006},
  address =       {Scottsdale, AZ},
}

@Proceedings{pcic05,
  title =         {Proc. {IS}\&{T}/{SID} Thirteenth Color Imaging Conference: Color Science and Engineering: Systems, Technologies, and Applications},
  booktitle =         {Proc. {IS}\&{T}/{SID} Thirteenth Color Imaging Conference: Color Science and Engineering: Systems, Technologies, and Applications},
  month =        "7-11~" # NOV,
  year =          {2005},
  address =       {Scottsdale, AZ},
}

@Proceedings{pcic04,
  title =         {Proc. {IS}\&{T}/{SID} Twelfth Color Imaging Conference: Color Science and Engineering: Systems, Technologies, Applications},
  booktitle =         {Proc. {IS}\&{T}/{SID} Twelfth Color Imaging Conference: Color Science and Engineering: Systems, Technologies, Applications},
  month =        "9-12~" # NOV,
  year =          {2004},
  address =       {Scottsdale, AZ},
}

@Proceedings{pcic03,
  title =         {Proc. {IS}\&{T}/{SID} Eleventh Color Imaging Conference: Color Science and Engineering: Systems, Technologies, and Applications},
  booktitle =         {Proc. {IS}\&{T}/{SID} Eleventh Color Imaging Conference: Color Science and Engineering: Systems, Technologies, and Applications},
  month =        "3-7~" # NOV,
  year =          {2003},
  address =       {Scottsdale, AZ},
}

@proceedings{pcic02,
 title =	{Proc. IS\&T/SID Tenth Color Imaging Conference:
		 Color Science, Systems and Applications},
 booktitle =	{Proc. IS\&T/SID Tenth Color Imaging Conference:
		 Color Science, Systems and Applications},
 month =	"12-15~" # NOV,
 year =         {2002},
 address =	{Scottsdale, AZ},
 lccn =	{}
}

@proceedings{pcic01,
 key =         {cic01},
 title =	{Proc. IS\&T/SID Ninth Color Imaging Conference:
		 Color Science, Systems and Applications},
 booktitle =	{Proc. IS\&T/SID Ninth Color Imaging Conference:
		 Color Science, Systems and Applications},
 month =	"6-9~" # NOV,
 year =         {2001},
 address =	{Scottsdale, AZ},
 lccn =	{ISBN: 0-89208-235-6}
}

@proceedings{pcic00,
 title =	{Proc. IS\&T/SID Eighth Color Imaging Conference:
		 Color Science, Systems and Applications},
 booktitle =	{Proc. IS\&T/SID Eighth Color Imaging Conference:
		 Color Science, Systems and Applications},
 month =	"7-10~" # NOV,
 year =         {2000},
 address =	{Scottsdale, AZ},
 lccn =	{SBN: 0-89208-231-3}
}


@proceedings{pcic99,
 title =	{Proc. IS\&T/SID Seventh Color Imaging Conference:
		 Color Science, Systems and Applications},
 booktitle =	{Proc. IS\&T/SID Seventh Color Imaging Conference:
		 Color Science, Systems and Applications},
 month =	"16-19~" # NOV,
 year =         {1999},
 address =	{Scottsdale, AZ},
 lccn =	{}
}

@proceedings{pcic98,
 title =	{Proc. IS\&T/SID Sixth Color Imaging Conference:
		 Color Science, Systems and Applications},
 booktitle =	{Proc. IS\&T/SID Sixth Color Imaging Conference:
		 Color Science, Systems and Applications},
 month =	"17-20~" # NOV,
 year =         {1998},
 address =	{Scottsdale, AZ},
 lccn =	{}
}

@proceedings{pcic97,
 title =	{Proc. IS\&T/SID Fifth Color Imaging Conference:
		 Color Science, Systems and Applications},
 booktitle =	{Proc. IS\&T/SID Fifth Color Imaging Conference:
		 Color Science, Systems and Applications},
 month =	"17-20~" # NOV,
 year =         {1997},
 address =	{Scottsdale, AZ},
 lccn =	{}
}

@proceedings{pcic96,
 key =          {cic96},
 title =	{Proc. IS\&T/SID Fourth Color Imaging Conference:
		 Color Science, Systems and Applications},
 booktitle =	{Proc. IS\&T/SID Fourth Color Imaging Conference:
		 Color Science, Systems and Applications},
 month =        "19-22~" # NOV,
 year =         {1996},
 address =	{Scottsdale, AZ},
 lccn =	{}
}

@Proceedings{pcic95,
  key =           {cic95},
  title =         {Proc. {IS}\&{T}/{SID} Third Color Imaging Conference: Color Science, Systems and Applications},
  booktitle =     {Proc. {IS}\&{T}/{SID} Third Color Imaging Conference: Color Science, Systems and Applications},
  month =        "7-10~" # NOV,
  year =          {1995},
  address =       {Scottsdale, AZ},
  LCCN =          {},
}

@Proceedings{pcic94,
  key =           {cic94},
  title =     {Proc. {IS}\&{T}/{SID} Second Color Imaging Conference: Color Science, Systems and Applications},
  booktitle =     {Proc. {IS}\&{T}/{SID} Second Color Imaging Conference: Color Science, Systems and Applications},
  month =        "15-18~" # NOV,
  year =          {1994},
  address =       {Scottsdale, AZ},
  LCCN =          {},
}

@Proceedings{pcic93,
  key =           {cic93},
  title =     {Proc. {IS}\&{T}/{SID} Color Imaging Conference: Transforms and Portability of Color},
  booktitle =     {Proc. {IS}\&{T}/{SID} Color Imaging Conference: Transforms and Portability of Color},
  volume =        {},
  number =        {},
  month =        "7-11~" # NOV,
  year =          {1993},
  LCCN =          {},
}


@proceedings{picip94,
 title =	{Proc. IEEE Intl. Conf. Image Proc.},
 booktitle =	{Proc. IEEE Intl. Conf. Image Proc.},
 month =        NOV,
 year =         {1994},
 annote =	{Nov. 13-16, 1994, Austin, Texas},
 lccn =	{}
}

@proceedings{picip95,
 title =	{Proc. IEEE Intl. Conf. Image Proc.},
 booktitle =	{Proc. IEEE Intl. Conf. Image Proc.},
 month =        OCT,
 year =         {1995},
 annote =	{Oct. 23-26, 1995, Washington, DC},
 lccn =	{}
}

@proceedings{picip96,
 title =	{Proc. IEEE Intl. Conf. Image Proc.},
 booktitle =	{Proc. IEEE Intl. Conf. Image Proc.},
 month =        SEP,
 year =         {1996},
 annote =	{Sept. 16-19, 1996, Lausanne, Switzerland},
 lccn =	{}
}

@proceedings{picip97,
 title =	{Proc. IEEE Intl. Conf. Image Proc.},
 booktitle =	{Proc. IEEE Intl. Conf. Image Proc.},
 month =        OCT,
 year =         {1997},
 annote =	{Santa Barbara, CA, USA},
 lccn =	{}
}

@proceedings{picip98,
 title =	{Proc. IEEE Intl. Conf. Image Proc.},
 booktitle =	{Proc. IEEE Intl. Conf. Image Proc.},
 month =        OCT,
 year =         {1998},
 annote =	{Chicago, Illinois, USA},
 lccn =	{}
}

@proceedings{picip99,
 title =	{Proc. IEEE Intl. Conf. Image Proc.},
 booktitle =	{Proc. IEEE Intl. Conf. Image Proc.},
 month =        OCT,
 year =         {1999},
 annote =	{Kobe, Japan},
 lccn =	{}
}

@proceedings{picip00,
 title =	{Proc. IEEE Intl. Conf. Image Proc.},
 booktitle =	{Proc. IEEE Intl. Conf. Image Proc.},
 month =        SEP,
 year =         {2000},
 annote =	{Sept. 10-13, 2000, Vancouver, BC, Canada},
 lccn =	{}
}

@proceedings{picip01,
 title =	{Proc. IEEE Intl. Conf. Image Proc.},
 booktitle =	{Proc. IEEE Intl. Conf. Image Proc.},
 month =        OCT,
 year =         {2001},
 annote =	{Oct. 7-10, 2001, Thessaloniki, Greece},
 lccn =	{}
}

@proceedings{picip02,
 title =	{Proc. IEEE Intl. Conf. Image Proc.},
 booktitle =	{Proc. IEEE Intl. Conf. Image Proc.},
 month =        SEP,
 year =         {2002},
 annote =	{Sept. 22-25, 2002, Rochester, NY},
 lccn =	{}
}

@proceedings{picip03,
 title =	{Proc. IEEE Intl. Conf. Image Proc.},
 booktitle =	{Proc. IEEE Intl. Conf. Image Proc.},
 month =        OCT,
 year =         {2003},
 annote =	{Oct. 14-17, 2003, Barcelona, Spain},
 lccn =	{}
}

@proceedings{picip04,
 title =	{Proc. IEEE Intl. Conf. Image Proc.},
 booktitle =	{Proc. IEEE Intl. Conf. Image Proc.},
 month =        OCT,
 year =         {2004},
 annote =	{Oct. 24-27, 2004, Singapore},
 lccn =	{}
}

@proceedings{picip05,
 title =	{Proc. IEEE Intl. Conf. Image Proc.},
 booktitle =	{Proc. IEEE Intl. Conf. Image Proc.},
 month =        SEP,
 year =         {2005},
 annote =	{Sept 11-14, 2005, Genova, Italy},
 lccn =	{},
}

@proceedings{picip06,
 title =	{Proc. IEEE Intl. Conf. Image Proc.},
 booktitle =	{Proc. IEEE Intl. Conf. Image Proc.},
 month =        OCT,
 year =         {2006},
 annote =	{Oct 8-11, 2006, Atlanta, Georgia},
 lccn =	{},
}

@proceedings{picip07,
 title =	{Proc. IEEE Intl. Conf. Image Proc.},
 booktitle =	{Proc. IEEE Intl. Conf. Image Proc.},
 month =        SEP,
 year =         {2007},
 annote =	{ 16-19 September 2007, San Antonio, Texas, USA},
 lccn =	{},
}

@proceedings{picip08,
 title =	{Proc. IEEE Intl. Conf. Image Proc.},
 booktitle =	{Proc. IEEE Intl. Conf. Image Proc.},
 month =        OCT,
 year =         {2008},
 annote =	{12-15 October 2008, San Diego, California, USA},
 lccn =	{},
}

@proceedings{picip09,
 title =	{Proc. IEEE Intl. Conf. Image Proc.},
 booktitle =	{Proc. IEEE Intl. Conf. Image Proc.},
 month =        NOV,
 year =         {2009},
 annote =	{7-11 November 2009, Cairo, Egypt},
 lccn =	{},
}

@proceedings{picip10,
 title =	{Proc. IEEE Intl. Conf. Image Proc.},
 booktitle =	{Proc. IEEE Intl. Conf. Image Proc.},
 month =        SEP,
 year =         {2010},
 annote =	{26-29 September 2010, Hong Kong},
 lccn =	{},
}


@proceedings{picip12,
 title =	{Proc. IEEE Intl. Conf. Image Proc.},
 booktitle =	{Proc. IEEE Intl. Conf. Image Proc.},
 month =        OCT,
 year =         {2012},
 annote =	{30 September - 3 October 2012, Disney's Coronado Springs Resort, Orlando, FL},
 lccn =	{},
}

@proceedings{picip13,
 title =	{Proc. IEEE Intl. Conf. Image Proc.},
 booktitle =	{Proc. IEEE Intl. Conf. Image Proc.},
 month =        SEP,
 year =         {2013},
 annote =	{15-18 September 2013, Melbourne Convention and Exhibition Center, Melbourne, Australia},
 lccn =	{},
}

@proceedings{picip14,
 title =	{Proc. IEEE Intl. Conf. Image Proc.},
 booktitle =	{Proc. IEEE Intl. Conf. Image Proc.},
 month =        OCT,
 year =         {2014},
 annote =	{27-30 Oct 2014, CNIT La D\'{e}fense -- Paris, France},
 lccn =	{},
}

@proceedings{picip15,
 title =	{Proc. IEEE Intl. Conf. Image Proc.},
 booktitle =	{Proc. IEEE Intl. Conf. Image Proc.},
 ALTbooktitle={Image Processing (ICIP), 2015 IEEE International Conference on}, 
 month =        SEP,
 year =         {2015},
 annote =	{27-30 September 2015, Qu\'{e}bec City, Canada},
 lccn =	{},
}




@proceedings{pivmspwksp11,
 title =	{Proc. Tenth IEEE Intl. Image, Video, and Multidimensional Signal Processing Workshop: Perception and Visual Signal Analysis},
 booktitle =	{Proc. Tenth IEEE Intl. Image, Video, and Multidimensional Signal Processing Workshop: Perception and Visual Signal Analysis},
 month =        JUN,
 year =         {2011},
 address =         {Ithaca, NY},
 annote =	{Perception and Visual Signal Analysis, Ithaca , New York, USA, June 15-17, 2011.},
 lccn =	{},
}



@proceedings{pembc10,
 title =	{Proc. 32nd Annual International IEEE Engineering in Medicine and Biology Society Conference (EMBC'10)},
 booktitle =	{Proc. 32nd Annual International IEEE Engineering in Medicine and Biology Society Conference (EMBC'10)},
 month =        SEP,
 year =         {2010},
 annote =	{1-4 September 2010, Buenos Aires, Argentina},
 lccn =	{},
}



@proceedings{pgensips09,
 title =	{Proceedings of the IEEE Seventh International Workshop on Genomic Signal Processing and Statistics},
 booktitle =	{Proc. Seventh IEEE Intl. Wksp. on Genomic Signal Proc. and Stats. ({GENSIPS})},
 month =        MAY,
 year =         {2009},
 annote =	{17-20 May 2009, Minneapolis, MN, USA},
 lccn =	{},
}

@proceedings{pgensips08,
 title =	{Proceedings of the IEEE Sixth International Workshop on Genomic Signal Processing and Statistics},
 booktitle =	{Proc. Sixth IEEE Intl. Wksp. on Genomic Signal Proc. and Stats. ({GENSIPS})},
 month =        JUN,
 year =         {2008},
 annote =	{8-10 June 2008, Phoenix, AZ, USA},
 lccn =	{},
}

@proceedings{pmilcom08,
 title =	{Military Communications Conference (MILCOM)},
 booktitle =	{Military Communications Conference (MILCOM)},
 month =        NOV,
 year =         {2008},
 annote =	{Nov. 17-19, 2008, San Diego, CA.},
 lccn =	{},
}

@proceedings{pmilcom07,
 title =	{Military Communications Conference (MILCOM)},
 booktitle =	{Military Communications Conference (MILCOM)},
 month =        OCT,
 year =         {2007},
 annote =	{Oct. 29-31, 2007, Orlando, Florida.},
 lccn =	{},
}

@proceedings{piscas04,
 title =	{Proc. IEEE Intl. Symp. on Circ. and Sys.},
 booktitle =	{Proc. IEEE Intl. Symp. on Circ. and Sys.},
 month =        MAY,
 year =         {2004},
 annote =	{May 23-26, 2004, Vancouver, Canada},
 lccn =	{},
}


@proceedings{picme06,
 title =	{Proc. IEEE Intl. Conf. on Multimedia and Expo.},
 booktitle =	{Proc. IEEE Intl. Conf. on Multimedia and Expo.},
 month =        JUL,
 year =         {2006},
 annote =	{July 9-12, 2006, Toronto, Canada},
 lccn =	{},
}

@proceedings{peusipco05,
 title =	{Proc. EUSIPCO},
 booktitle =	{Proc. EUSIPCO},
 month =        SEP,
 year =         {2005},
 annote =	{13-th European Signal Processing Conference, Sept 4-8, 2005, Antalya, Turkey},
 lccn =	{},
}

@proceedings{peusipco06,
 title =	{Proc. EUSIPCO},
 booktitle =	{Proc. EUSIPCO},
 month =        SEP,
 year =         {2006},
 annote =	{14-th European Signal Processing Conference, Sept 4-8, 2006, Florence, Italy},
 lccn =	{},
}


@proceedings{icdar97,
 title =	{Proc. ICDAR},
 booktitle =	{Proc. ICDAR},
 month =        AUG,
 year =         {1997},
 annote =	{4-th International Conference on Document Analysis and Recognition},
 lccn =	{},
}

@proceedings{icdar95,
 title =	{Proc. ICDAR},
 booktitle =	{Proc. ICDAR},
 month =        AUG,
 year =         {1997},
 annote =	{3-rd International Conference on Document Analysis and Recognition},
 lccn =	{},
}

@proceedings{icpr96,
 title =	{Proc. ICPR},
 booktitle =	{Proc. ICPR},
 month =        AUG,
 year =         {1996},
 annote =	{Aug 25-30, 1996, Vienna, Austria},
 lccn =	{},
}

@proceedings{icpr02,
 title =	{Proc. ICPR},
 booktitle =	{Proc. ICPR},
 month =        AUG,
 year =         {2002},
 annote =	{Aug 11-15, 2002, Quebec City, Canada},
 lccn =	{},
}

@proceedings{pasilomar03,
 title =	{Proc. Thirty-Seventh Asilomar Conf. on Signals, Systems \& Computers},
 booktitle =	{Proc. Thirty-Seventh Asilomar Conf. on Signals, Systems \& Computers},
 month =        NOV,
 year =         {2003},
 annote =	{Pacific Grove, CA}
}

@proceedings{pasilomar04,
 title =	{Proc. Thirty-Eighth Asilomar Conf. on Signals, Systems \& Computers},
 booktitle =	{Proc. Thirty-Eighth Asilomar Conf. on Signals, Systems \& Computers},
 month =        NOV,
 year =         {2004},
 annote =	{Nov. 7-10, 2004, Pacific Grove, CA},
 lccn =	{},
}

@proceedings{pasilomar07,
 title =	{Proc. $41^{st}$ Asilomar Conf. on Signals, Systems \& Computers},
 booktitle =	{Proc. $41^{st}$ Asilomar Conf. on Signals, Systems $\&$ Computers},
 month =        NOV,
 year =         {2007},
 annote =	{Nov. 4-7, 2007, Pacific Grove, CA},
 lccn =	{},
}

@proceedings{pinfocomm03,
 key=		{infocomm03},
 title =	{Proc. IEEE INFOCOMM},
 booktitle =	{Proc. IEEE INFOCOMM},
 month =        APR,
 year =         {2003},
 annote =	{Mar 30-April 3, 2003, San Francisco},
 note =	{Papers available online at http://www.ieee-infocom.org/2003/},
}


@proceedings{pnip97,
 key =          {nip97},
 title =	{Proc. {IS}\&{T}'s {NIP} 13: International Conference
                 on Digital Printing Technologies},
 booktitle =	{Proc. {IS}\&{T}'s {NIP} 13: International Conference
                 on Digital Printing Technologies},
 month =         NOV,
 year =         {1997},
 address =	{Seattle, WA},
 lccn =	{},
}

@proceedings{pnip06,
 key =          {nip06},
 title =	{Proc. {IS}\&{T}'s {NIP} 22: International Conference on Digital Printing Technologies},
 booktitle =	{Proc. {IS}\&{T}'s {NIP} 22: International Conference on Digital Printing Technologies},
 month =         NOV,
 year =         {2006},
 annote =	{September 17-22, 2006, Denver, CO},
 lccn =	{},
}

@proceedings{pnip08,
 key =          {nip08},
 title =	{Proc. {IS}\&{T}'s {NIP} 24: International Conference on Digital Printing Technologies},
 booktitle =	{Proc. {IS}\&{T}'s {NIP} 24: International Conference on Digital Printing Technologies},
 month =         SEP,
 year =         {2008},
 annote =	{September 6-11, 2008, Pittsburgh, PA},
 lccn =	{},
}

@proceedings{pnip10,
 key =          {nip10},
 title =	{Proc. {IS}\&{T}'s {NIP} 26: International Conference on Digital Printing Technologies},
 booktitle =	{Proc. {IS}\&{T}'s {NIP} 26: International Conference on Digital Printing Technologies},
 month =         SEP,
 year =         {2010},
 annote =	{September, 2010, Austin, TX},
 lccn =	{},
}

@proceedings{picassp88,
  title =         {Proc. {IEEE} Intl. Conf. Acoustics Speech and Sig. Proc.},
  booktitle =     {Proc. {IEEE} Intl. Conf. Acoustics Speech and Sig. Proc.},
  month =        MAY,
  year =          {1988},
  annote =        "11-14~" # APR,
}

@proceedings{picassp01,
  title =         {Proc. {IEEE} Intl. Conf. Acoustics Speech and Sig. Proc.},
  booktitle =     {Proc. {IEEE} Intl. Conf. Acoustics Speech and Sig. Proc.},
  month =        APR,
  year =          {2001},
  annote =        {Salt Lake City, Utah, USA},
}

@proceedings{picassp02,
  title =         {Proc. {IEEE} Intl. Conf. Acoustics Speech and Sig. Proc.},
  booktitle =     {Proc. {IEEE} Intl. Conf. Acoustics Speech and Sig. Proc.},
  month =        MAY,
  year =          {2002},
  annote =        {Orlando, Florida, USA},
}

@proceedings{picassp03,
  title =         {Proc. {IEEE} Intl. Conf. Acoustics Speech and Sig. Proc.},
  booktitle =     {Proc. {IEEE} Intl. Conf. Acoustics Speech and Sig. Proc.},
  month =        APR,
  year =          {2003},
  annote =        {6-10 April 2003, Hong Kong},
}

@proceedings{picassp04,
  title =         {Proc. {IEEE} Intl. Conf. Acoustics Speech and Sig. Proc.},
  booktitle =     {Proc. {IEEE} Intl. Conf. Acoustics Speech and Sig. Proc.},
  month =        MAY,
  year =          {2004},
  annote =        {17-21 May 2004, Montreal, Quebec, Canada},
}

@proceedings{picassp05,
  title =         {Proc. {IEEE} Intl. Conf. Acoustics Speech and Sig. Proc.},
  booktitle =     {Proc. {IEEE} Intl. Conf. Acoustics Speech and Sig. Proc.},
  month =        MAR,
  year =          {2005},
  annote =        {19-23 March 2005, Philadelphia, {PA}, {USA}},
}

@proceedings{picassp06,
  title =         {Proc. {IEEE} Intl. Conf. Acoustics Speech and Sig. Proc.},
  booktitle =     {Proc. {IEEE} Intl. Conf. Acoustics Speech and Sig. Proc.},
  month =        MAY,
  year =          {2006},
  annote =        {15-19 May 2006, Toulouse, France}
}

@proceedings{picassp07,
  title =         {Proc. {IEEE} Intl. Conf. Acoustics Speech and Sig. Proc.},
  booktitle =     {Proc. {IEEE} Intl. Conf. Acoustics Speech and Sig. Proc.},
  month =        APR,
  year =          {2007},
  annote =        {15-20 April, 2007, Honolulu, Hawaii},
}

@proceedings{picassp08,
  title =         {Proc. {IEEE} Intl. Conf. Acoustics Speech and Sig. Proc.},
  booktitle =     {Proc. {IEEE} Intl. Conf. Acoustics Speech and Sig. Proc.},
  month =        	APR,
  year =					{2008},
  address = 			{Las Vegas, Nevada},
  annote =        {March 30 - April 4, 2008},
}

@proceedings{picassp09,
  title =         {Proc. {IEEE} Intl. Conf. Acoustics Speech and Sig. Proc.},
  booktitle =     {Proc. {IEEE} Intl. Conf. Acoustics Speech and Sig. Proc.},
  month =        APR,
  year =          {2009},
  address = {Taipei, Taiwan},
  annote =        {April 19 - 24, 2009},
}

@proceedings{picassp10,
  title =         {Proc. {IEEE} Intl. Conf. Acoustics Speech and Sig. Proc.},
  booktitle =     {Proc. {IEEE} Intl. Conf. Acoustics Speech and Sig. Proc.},
  month =        MAR,
  year =          {2010},
  address = {Dallas, Texas, USA},
  annote =  {ICASSP 2010 - March 14 - 19, 2010 - Dallas, Texas, USA},
}

@proceedings{picassp11,
  title =         {Proc. {IEEE} Intl. Conf. Acoustics Speech and Sig. Proc.},
  booktitle =     {Proc. {IEEE} Intl. Conf. Acoustics Speech and Sig. Proc.},
  month =        MAY,
  year =          {2011},
  address = {Prague, Czech Republic},
  annote =  {May 22-27, 2011, Prague Congress Centre (PCC), Prague, Czech Republic},
}

@proceedings{picassp12,
  title =         {Proc. {IEEE} Intl. Conf. Acoustics Speech and Sig. Proc.},
  booktitle =     {Proc. {IEEE} Intl. Conf. Acoustics Speech and Sig. Proc.},
  month =        MAR,
  year =          {2012},
  address = {Kyoto, Japan},
  annote =  {March 25-30, 2012, Kyoto International Conference Center, Kyoto, Japan},
}

@proceedings{picassp13,
  title =         {Proc. {IEEE} Intl. Conf. Acoustics Speech and Sig. Proc.},
  booktitle =     {Proc. {IEEE} Intl. Conf. Acoustics Speech and Sig. Proc.},
  month =        MAY,
  year =          {2013},
  address = {Vancouver, Canada},
  annote =  {May 26-31, 2013, Vancouver Convention & Exhibition Centre, Vancouver, Canada},
}

@proceedings{picassp14,
  title =         {Proc. {IEEE} Intl. Conf. Acoustics Speech and Sig. Proc.},
  booktitle =     {Proc. {IEEE} Intl. Conf. Acoustics Speech and Sig. Proc.},
  month =        MAY,
  year =          {2014},
  address = {Florence, Italy},
  annote =  {May 4-9, 2014, Firenze fiera - Congress and Exhibition Center},
}

@proceedings{picassp15,
  title =         {Proc. {IEEE} Intl. Conf. Acoustics Speech and Sig. Proc.},
  booktitle =     {Proc. {IEEE} Intl. Conf. Acoustics Speech and Sig. Proc.},
  month =        APR,
  year =          {2015},
  address = {Brisbane, Australia},
  annote =  {40th ICASSP. 19-24 April 2015, The Brisbane Convention & Exhibition Centre, Brisbane, Queensland, Australia},
}

@proceedings{picassp16,
  title =         {Proc. {IEEE} Intl. Conf. Acoustics Speech and Sig. Proc.},
  booktitle =     {Proc. {IEEE} Intl. Conf. Acoustics Speech and Sig. Proc.},
  month =        MAR,
  year =          {2016},
  address = {Shanghai, China},
  annote =  {41st ICASSP. 20-25 March 2016, Shanghai International Convention Center, Shanghai, China},
}

@proceedings{pwnyipw2013,
  title =         {Proc. Western {NY} Image Proc. Wksp. (WNYIPW)},
  booktitle =         {Proc. Western {NY} Image Proc. Wksp. (WNYIPW)},
  month =        NOV,
  year =          {2013},
  address = {Rochester, NY},
  ALTannote =  {Friday, November 22, 2013, in Louise Slaughter Hall (Building SLA/078) at Rochester Institute of Technology in Rochester, NY},
}


@proceedings{pciss06,
  title =         {Proc. 40th Annual Conference on Information Sciences and Systems ({CISS})},
  booktitle =     {Proc. 40th Annual Conference on Information Sciences and Systems ({CISS})},
  month =        "22 -- 24" # MAR,
  year =          {2006},
  address =          {Princeton, NJ},
  annote =        {22-24 March 2006, Princeton, NJ},
}

@proceedings{pciss08,
  title =         {Proc. 42nd Annual Conference on Information Sciences and Systems ({CISS})},
  booktitle =         {Proc. 42nd Annual Conference on Information Sciences and Systems ({CISS})},
  month =        "19 -- 21" # MAR,
  year =          {2008},
  address =          {Princeton, NJ},
  annote =        {19-21 March 2008, Princeton, NJ},
}


@proceedings{pspie199,
 title =	{Proc. SPIE},
 booktitle =	{Proc. SPIE},
 month =	{},
 year =	{1979},
 editor =	{},
 volume =	{199},
 annote =	{ has briggs paper on gamma calibration },
 lccn =	{},
}


@proceedings{pspie1184,
 title =	{Proc. SPIE: Neugebauer Memorial Seminar on Color
		 Reproduction},
 booktitle =	{Proc. SPIE: Neugebauer Memorial Seminar on Color
		 Reproduction},
 month =	DEC,
 year =	{1989},
 volume =	{1184},
 editor =	{Sayangi, K.},
 annote =	{14-15 December 1989, Tokyo, Japan},
 lccn =	{DHH QC495.8 .N48 1989}
}

@proceedings{pspie:ei127,
 title =	{Proc. SPIE: Visual Communications and Image Processing},
 booktitle =	{Proc. SPIE: Visual Communications and Image Processing},
 month =	"15~" # "- 19~" # JAN,
 year =	        {2006},
 editor =	{J. G. Apostolopoulos and A. Said},
 volume =	{6077},
 annote =       {15-19 January 2006},
 lccn =	{},
}

@proceedings{pspie2665,
 title =	{Proc. {SPIE}: Machine Vision Applications in Industrial Inspection {IV}},
 booktitle =	{Proc. {SPIE}: Machine Vision Applications in Industrial Inspection {IV}},
 month =	JAN,
 year =	{1996},
 editor =	{Ravishankar Rao and Ning Zhang},
 volume =	{2665},
 annote = {San Jose, CA, USA},
 lccn =	{},
}


@proceedings{pspie2951,
 title =	{Proc. SPIE: Holographic and Diffractive Techniques},
 booktitle =	{Proc. SPIE: Holographic and Diffractive Techniques},
 month =	OCT,
 year =	{1996},
 editor =	{G. J. Dausmann},
 volume =	{2951},
 annote = {October 1996, Berlin, Germany},
 lccn =	{},
}


@proceedings{pspie3140,
 title =	{Proc. SPIE: Photometric
Engineering of Sources and Systems},
 booktitle =	{Proc. SPIE: Photometric
Engineering of Sources and Systems},
 month =	"27~" # JUL # "- 1~" # AUG,
 year =	{1997},
 editor =	{A. V. Arecchi},
 volume =	{3140},
 annote = {27 July-1 Aug 1997,San Diego},
 lccn =	{},
}

@proceedings{pspie3528,
 title =	{Proceedings of SPIE International Conference on Multimedia Systems and Applications},
 booktitle =	{Proceedings of SPIE International Conference on Multimedia Systems and Applications},
 month =	"1--6 " # NOV,
 year =	{1998},
 editor =	{Andrew G. Tescher and Bhaskaran Vasudev and V. Michael Bove and Barbara Derryberry},
 volume =	{3528},
 annote = {},
 lccn =	{},
}

@proceedings{pspie3018,
 title =	{Proc. SPIE: Color Imaging: Device Independent Color,
		  Color Hardcopy, and Graphic Arts II},
 booktitle =	{Proc. SPIE: Color Imaging: Device Independent Color,
		  Color Hardcopy, and Graphic Arts II},
 month =	FEB,
 year =	{1997},
 editor =	{G.~B. Beretta and R. Eschbach},
 volume =	{3018},
 annote =	{10-14 February 1997, San Jose, California},
 lccn =	{},
}

@proceedings{pspie3016,
 title =	{Proc. SPIE: Human Vision and Electronic Imaging II},
 booktitle =	{Proc. SPIE: Human Vision and Electronic Imaging II},
 month =	FEB,
 year =	{1997},
 editor =	{B. E. Rogowitz and T. N. Pappas},
 volume =	{3016},
 annote =	{10-13 February 1997, San Jose, California},
 lccn =	{TS 514 S635 V.3016 1997}
}

@proceedings{pspieEI97,
 title =	{Proc. SPIE: Electronic Imaging},
 booktitle =	{Proc. SPIE: Electronic Imaging},
 month =	FEB,
 year =	{1997},
 editor =	{},
 volume =	{},
 annote =	{12-14 February 1997, San Jose, California},
 lccn =	{TS 514 S635 V.3024 1997}
}

@proceedings{pspie3299,
 title =	{Proc. SPIE: Human Vision and Electronic Imaging III},
 booktitle =	{Proc. SPIE: Human Vision and Electronic Imaging III},
 month =	JAN,
 year =	{1998},
 editor =	{B. E. Rogowitz and T. N. Pappas},
 volume =	{3299},
 annote =	{28-30 January 1998, San Jose, California},
 lccn =	{},
}

@proceedings{pspie4299,
 title =	{Human Vision and Electronic Imaging VI},
 booktitle =	{Human Vision and Electronic Imaging VI},
 month =	JAN,
 year =	{2001},
 editor =	{B. E. Rogowitz and T. N. Pappas},
 volume =	{4299},
 annote =	{23-26 January 2001, San Jose, California},
 lccn =	{},
}

@proceedings{paic01,
 title =	{Proc. SPIE: The 9th Conress of the International Colour Association},
 booktitle =	{Proc. SPIE: The 9th Conress of the International Colour Association},
 month =	JUN,
 year =	{2001},
 editor =	{R. Chung and A. Rodrigues},
 volume =	{4421},
 annote =	{AIC01: June 24-29, 2001, Rochester Riverside Convention Center, Rochester New York. Published as Proc. SPIE vol. 4421 },
 lccn =	{},
}

@proceedings{pspie3300,
 title =	{Proc. SPIE: Color Imaging: Device Independent Color,
		  Color Hardcopy, and Graphic Arts III},
 booktitle =	{Proc. SPIE: Color Imaging: Device Independent Color,
		  Color Hardcopy, and Graphic Arts III},
 month =	JAN,
 year =	{1998},
 editor =	{G.~B. Beretta and R. Eschbach},
 volume =	{3300},
 annote =	{28-30 January 1998, San Jose, California},
 lccn =	{},
}

@proceedings{pspie4300,
 title =	{Proc. SPIE: Color Imaging: Device Independent Color,
		  Color Hardcopy, and Applications VI},
 booktitle =	{Proc. SPIE: Color Imaging: Device Independent Color,
		  Color Hardcopy, and Applications VI},
 month =	JAN,
 year =	{2001},
 editor =	{R. Eschbach and G. G. Marcu},
 volume =	{4300},
 annote =	{23-26 January 2001, San Jose, CA, part of IS\&T/SPIE's Electronic Imaging Symposium 2001},
 lccn =	{},
}

@proceedings{pspie4663,
 title =	{Proc. SPIE: Color Imaging: Device Independent Color,
		  Color Hardcopy, and Applications VII},
 booktitle =	{Proc. SPIE: Color Imaging: Device Independent Color,
		  Color Hardcopy, and Applications VII},
 month =	JAN,
 year =	{2002},
 editor =	{R. Eschbach and G. G. Marcu},
 volume =	{4663},
 annote =	{20-25 January 2002, San Jose, CA, part of IS\&T/SPIE's Electronic Imaging Symposium 2002 },
 lccn =	{},
}

@Proceedings{pspie5289,
  title =         {Proc. {SPIE}: Liquid Crystal Materials, Devices, and Applications {X} and Projection Displays{X} : Processing, Hardcopy, and Applications},
  booktitle =         {Proc. {SPIE}: Color Imaging {X}: Processing, Hardcopy, and Applications},
  month =        JAN,
  year =          {2004},
  editor =        {L. C. Chien and  M. H. Wu},
  volume =        {5289},
  annote =        {},
}

@Proceedings{pspie5667,
  title =         {Proc. {SPIE}: Color Imaging {X}: Processing, Hardcopy, and Applications},
  booktitle =         {Proc. {SPIE}: Color Imaging {X}: Processing, Hardcopy, and Applications},
  month =        JAN,
  year =          {2005},
  editor =        {R. Eschbach and G. G. Marcu},
  volume =        {5667},
  annote =        {17-20 January 2005, San Jose, CA, part of IS\&T/SPIE's Electronic Imaging Symposium 2005},
}

@Proceedings{pspieEICI06,
  title =         {Proc. {SPIE}: Color Imaging {XI}: Processing, Hardcopy, and Applications},
  booktitle =         {Proc. {SPIE}: Color Imaging {XI}: Processing, Hardcopy, and Applications},
  month =        JAN,
  year =          {2006},
  editor =        {R. Eschbach and G. G. Marcu},
  volume =        {6058},
  annote =        {15-19 January 2006, San Jose, CA, part of IS\&T/SPIE's Electronic Imaging Symposium 2006},
}

@Proceedings{pspieEICI07,
  title =         {Proc. {SPIE}: Color Imaging {XII}: Processing, Hardcopy, and Applications},
  booktitle =         {Proc. {SPIE}: Color Imaging {XII}: Processing, Hardcopy, and Applications},
  month =        JAN,
  year =          {2007},
  editor =        {R. Eschbach and G. G. Marcu},
  volume =        {6493},
  annote =        {28 January - 1 February January 2007, San Jose, CA, part of IS\&T/SPIE's Electronic Imaging Symposium 2007},
}

@Proceedings{pspieEICI10,
  title =         {Proc. {SPIE}: Color Imaging {XV}: Processing, Hardcopy, and Applications},
  booktitle =         {Proc. {SPIE}: Color Imaging {XV}: Processing, Hardcopy, and Applications},
  month =        JAN,
  year =          {2010},
  editor =        {R. Eschbach and G. G. Marcu},
  volume =        {7528},
  annote =        {17-- 21 January 2010, San Jose, CA, part of IS\&T/SPIE's Electronic Imaging Symposium 2010},
}

@Proceedings{pspie7542,
  title =         {Proc. {SPIE}: Multimedia on Mobile Devices},
  booktitle =     {Proc. {SPIE}: Multimedia on Mobile Devices},
  month =        JAN,
  year =          2010,
  editor =        {R. Creutzburg and D. Akopian},
  volume =        7528,
  annote =        {17-- 21 January 2010, San Jose, CA, part of IS\&T/SPIE's Electronic Imaging Symposium 2010},
}


@Proceedings{pspie7866,
  title =         {Proc. {SPIE}: Color Imaging {XVI}: Displaying, Processing, Hardcopy, and Applications},
  booktitle =     {Proc. {SPIE}: Color Imaging {XVI}: Displaying, Processing, Hardcopy, and Applications},
  month =        JAN,
  year =          {2011},
  editor =        {R. Eschbach and G. G. Marcu and A. Rizzi},
  volume =        {7866},
  annote =        {24-- 27 January 2011, San Francisco, CA, part of IS\&T/SPIE's Electronic Imaging Symposium 2011},
}


@Proceedings{pspie7863,
  title =         {Proc. {SPIE}: Stereoscopic Displays and Applications {XXII}},
  booktitle =     {Proc. {SPIE}: Stereoscopic Displays and Applications {XXII}},
  month =        JAN,
  year =          {2011},
  editor =        {Andrew J. Woods and Nicolas S. Holliman and Neil A. Dodgson},
  volume =        {7863},
  annote =        {24-- 26 January 2011, San Francisco, CA, part of IS\&T/SPIE's Electronic Imaging Symposium 2011},
}

@Proceedings{pspie9011,
  title =         {Proc. {SPIE}: Stereoscopic Displays and Applications {XXV}},
  booktitle =     {Proc. {SPIE}: Stereoscopic Displays and Applications {XXV}},
  month =        FEB,
  year =          {2014},
  editor =        {Andrew J. Woods and Nicolas S. Holliman and Gregg E. Favalora},
  volume =        {9011},
  annote =        {2 - 6 February 2014  -  Hilton Hotel San Francisco Union Square, San Francisco, California, USA, part of IS\&T/SPIE's Electronic Imaging Symposium 2014},
}

@Proceedings{pspie9395,
  title =         {Proc. {SPIE}: Color Imaging {XX}: Displaying, Processing, Hardcopy, and Applications},
  booktitle =     {Proc. {SPIE}: Color Imaging {XX}: Displaying, Processing, Hardcopy, and Applications},
  month =        FEB,
  year =          {2015},
  editor =        {R. Eschbach and G. G. Marcu and A. Rizzi},
  volume =        {9395},
  annote =        {9 - 12 February 2014  -  Hilton Hotel San Francisco Union Square, San Francisco, California, USA, part of IS\&T/SPIE's Electronic Imaging Symposium 2015},
}

@Proceedings{pspie9409,
  title =         {Proc. {SPIE}: Media Watermarking, Security, and Forensics},
  booktitle =     {Proc. {SPIE}: Media Watermarking, Security, and Forensics},
  month =        FEB,
  year =          {2015},
  editor =        {A. M. Alattar and N. D. Memon and C. D. Heitzenrater},
  doi =        {10.1117/12.2083134},
  volume =        {9409},
  annote =        {9 - 12 February 2014  -  Hilton Hotel San Francisco Union Square, San Francisco, California, USA, part of IS\&T/SPIE's Electronic Imaging Symposium 2015},
}




@Proceedings{pspie9015,
  title =         {Proc. {SPIE}: Color Imaging {XIX}: Displaying, Processing, Hardcopy, and Applications},
  booktitle =     {Proc. {SPIE}: Color Imaging {XIX}: Displaying, Processing, Hardcopy, and Applications},
  month =        FEB,
  year =          {2014},
  editor =        {R. Eschbach and G. G. Marcu and A. Rizzi},
  volume =        {9015},
  annote =        {2 - 6 February 2014  -  Hilton Hotel San Francisco Union Square, San Francisco, California, USA, part of IS\&T/SPIE's Electronic Imaging Symposium 2014},
}

@Proceedings{pspie8292,
  title =         {Proc. {SPIE}: Color Imaging {XVII}: Displaying, Hardcopy, Processing, and Applications},
  booktitle =     {Proc. {SPIE}: Color Imaging {XVII}: Displaying, Hardcopy, Processing, and Applications},
  month =        JAN,
  year =          {2012},
  editor =        {R. Eschbach and G. G. Marcu and A. Rizzi},
  volume =        {8292},
  annote =        {24 -- 26 January 2012, San Francisco, CA, part of IS\&T/SPIE's Electronic Imaging Symposium 2012},
}



@Proceedings{pcciw2011,
  title = 	 {Computational Color Imaging},
  year = 	 {2011},
  OPTkey = 	 {},
  booktitle =    {Computational Color Imaging},
  editor = 	 {Raimondo Schettini and Shoji Tominaga and Alain Tremeau},
  volume = 	 {6626},
  OPTnumber = 	 {},
  series = 	 {Lecture Notes in Computer Science},
  address = 	 {Berlin, Germany},
  OPTmonth = 	 {},
  OPTorganization = {},
  publisher = {Springer-Verlag},
  OPTnote = 	 {},
  OPTannote = 	 {Proc. 2011 Computational Color Imaging Workshop, 20-21 April 2011, Milano, Italy},
}

@Proceedings{pspie8303,
  title =         {Proc. {SPIE}:  Media Watermarking, Security and Forensics},
  booktitle =         {Proc. {SPIE}:  Media Watermarking, Security and Forensics},
  month =        FEB,
  year =          {2012},
  editor =        {N. D. Memon and A. M. Alattar and E. J. Delp},
  volume =        {8303},
  annote =        {23-25 January 2012, San Francisco, CA, part of IS\&T/SPIE's Electronic Imaging Symposium 2012},
}

@Proceedings{pspie8665,
  title =         {Proc. {SPIE}:  Media Watermarking, Security and Forensics},
  booktitle =         {Proc. {SPIE}:  Media Watermarking, Security and Forensics},
  month =        FEB,
  year =          {2013},
  editor =        {A. M. Alattar and N. D. Memon and C. D. Heitzenrater},
  volume =        {8665},
  annote =        {5-7 February 2013, San Francisco, CA, part of IS\&T/SPIE's Electronic Imaging Symposium 2013},
}

@Proceedings{pspie9028,
  title =         {Proc. {SPIE}:  Media Watermarking, Security and Forensics 2014},
  booktitle =         {Proc. {SPIE}:  Media Watermarking, Security and Forensics 2014},
  month =        FEB,
  year =          {2014},
  editor =        {A. M. Alattar and N. D. Memon and C. D. Heitzenrater},
  volume =        {9028},
  annote =        {2-6 February 2014, San Francisco, CA, part of IS\&T/SPIE's Electronic Imaging Symposium 2014},
}

@Proceedings{pspie2008:EI118,
  title =         {Proc. {SPIE}:  Security, Steganography, and Watermarking of Multimedia Contents X},
  booktitle =       {Proc. {SPIE}:  Security, Steganography, and Watermarking of Multimedia Contents X},   
  month =        JAN,
  year =          {2008},
  editor =        {E. Delp and P.W. Wong and J. Dittman and N. Memon},
  volume =        {},
  annote =        {27-31 January 2008, San Jose, CA, part of IS\&T/SPIE's Electronic Imaging Symposium 2008},
}



@Proceedings{pspie5681,
  title =         {Proc. {SPIE}:  Security, Steganography, and Watermarking of Multimedia Contents VII},
  booktitle =       {Proc. {SPIE}:  Security, Steganography, and Watermarking of Multimedia Contents VII},   

  month =        JAN,
  year =          {2005},
  editor =        {E. Delp and P.W. Wong},
  volume =        {5681},
  annote =        {17-20 January 2005, San Jose, CA, part of IS\&T/SPIE's Electronic Imaging Symposium 2005},
}

@Proceedings{pspie5674,
  title =         {Proc. {SPIE}:  Computational Imaging III},
  booktitle =       {Proc. {SPIE}:  Computational Imaging III},   

  month =        JAN,
  year =          {2005},
  editor =        {C. A. Bouman and E. L. Miller},
  volume =        {5674},
  annote =        {17-20 January 2005, San Jose, CA, part of IS\&T/SPIE's Electronic Imaging Symposium 2005},
}

@Proceedings{pspieCIC06,
  title =         {Proc. {SPIE}:  Computational Imaging {IV}},
  booktitle =       {Proc. {SPIE}:  Computational Imaging {IV}},   

  month =        JAN,
  year =          {2006},
  editor =        {C. A. Bouman and E. L. Miller},
  volume =        {6065},
  annote =        {15-19 January 2006, San Jose, CA, part of IS\&T/SPIE's Electronic Imaging Symposium 2006},
}

@Proceedings{pspie9020,
  title =         {Proc. {SPIE}:  Computational Imaging {XII}},
  booktitle =       {Proc. {SPIE}:  Computational Imaging {XII}},   
  month =        FEB,
  year =          {2014},
  editor =        {C. A. Bouman and K. D. Sauer},
  volume =        {9020},
  annote =        {2-6 February 2014, San Francisco, CA, part of IS\&T/SPIE's Electronic Imaging Symposium 2014},
}


@Proceedings{pspie5292,
 title =	{Human Vision and Electronic Imaging IX},
 booktitle =	{Human Vision and Electronic Imaging IX},
 editor =	{B. E. Rogowitz and T. N. Pappas},
  month =        JAN,
  year =          {2004},
  volume =        {5292},
  annote =        {20-22 January 2004, San Jose, CA, part of IS\&T/SPIE's Electronic Imaging Symposium 2004},
}

@Proceedings{pspie5293,
  title =         {Proc. {SPIE}: Color Imaging: Processing, Hardcopy, and Applications {IX}},
  booktitle =         {Proc. {SPIE}: Color Imaging: Processing, Hardcopy, and Applications {IX}},
  month =        JAN,
  year =          {2004},
  editor =        {R. Eschbach and G. G. Marcu},
  volume =        {5293},
  annote =        {20-22 January 2004, San Jose, CA, part of IS\&T/SPIE's Electronic Imaging Symposium 2004},
}


@proceedings{pspieEI98,
 title =	{Proc. SPIE: Electronic Imaging},
 booktitle =	{Proc. SPIE: Electronic Imaging},
 year =	{1998},
 month =	JAN,
 editor =	{},
 volume =	{},
 annote =	{28-30 January 1998, San Jose, California},
 lccn =	{},
}

@proceedings{pspie4677,
   booktitle =       {Proc. {SPIE}:  Optical Security and Counterfeit Deterrence Technique IV},  
  title =         {Proc. {SPIE}:  Optical Security and Counterfeit Deterrence Technique IV}, 
  year =          {2002},
  month =        JAN,
  editor =        {R. L. van~Renesse},
  volume =        {4677},
  annote =        {},
}

@proceedings{pspie3024,
 title =	{Proc. SPIE: Visual communications and image processing},
 booktitle =	{Proc. SPIE: Visual communications and image processing},
 month =	FEB,
 year =	{1997},
 editor =	{J. Biemond and E. J. Delp},
 volume =	{3024},
 annote =	{12-14 February 1997, San Jose, California},
 lccn =	{TS 514 S635 V.3024 1997}
}

@proceedings{pspie3653,
 title =	{Proc. SPIE: Visual communications and image processing},
 booktitle =	{Proc. SPIE: Visual communications and image processing},
 month =	JAN,
 year =	{1999},
 editor =	{K. Aizawa and R. L. Stevenson and Y. Zhang},
 volume =	{3653},
 annote =	{25-27 January 1999, San Jose, California},
 lccn =	{}
}


@proceedings{pspie2657,
 title =	{Proc. SPIE: Human Vision and Electronic Imaging},
 booktitle =	{Proc. SPIE: Human Vision and Electronic Imaging},
 month =	JAN,
 year =	{1996},
 editor =	{B. E. Rogowitz and J. P. Allebach},
 volume =	{2657},
 annote =	{29 Jan.-1 Feb. 1996, San Jose, California},
}

@proceedings{pspie2658,
 title =	{Proc. SPIE: Color imaging : device-independent color,
		 color hard copy, and graphic arts},
 booktitle =	{Proc. SPIE: Color imaging : device-independent color,
		 color hard copy, and graphic arts},
 year =	{1996},
 month =	JAN,
 editor =	{J. Bares},
 volume =	{2658},
 annote =	{29 Jan.-1 Feb. 1996, San Jose, California},
 lccn =	{DHH TK8315 .D48 1996}
}

@proceedings{pspie2414,
 title =	{Proc. SPIE: Device-independent color imaging II},
 booktitle =	{Proc. SPIE: Device-independent color imaging II},
 year =	{1995},
 month =	FEB,
 editor =	{E. Walowit},
 volume =	{2414},
 annote =	{7-8 Feb. 1995, San Jose, California},
 lccn =	{DHH TK8315 .D48 1995}
}


@proceedings{pspie2170,
 title =	{Proc. SPIE: Device-independent color imaging and
		 imaging systems integration},
 booktitle =	{Proc. SPIE: Device-independent color imaging and
		 imaging systems integration},
 year =	{1994},
 month =	FEB,
 editor =	{E. Walowit},
 volume =	{2170},
 annote =	{7-8 Feb. 1994, San Jose, California},
 lccn =	{DHH TK8315 .D48 1994}
}

@proceedings{pspie1909,
 title =	{Proc. SPIE: Device-independent color imaging and
		 imaging systems integration},
 booktitle =	{Proc. SPIE: Device-independent color imaging and
		 imaging systems integration},
 year =	{1993},
 month =	FEB,
 editor =	{R. J. Motta and H. A. Berberian},
 volume =	{1909},
 annote =	{1-3 Feb. 1993, San Jose, California},
 lccn =	{DHH TK8315 .D48 1993}
}

@proceedings{pspie2413,
 title =	{Proc. SPIE: Color hard copy and graphic arts IV},
 booktitle =	{Proc. SPIE: Color hard copy and graphic arts IV},
 year =	{1995},
 month =	FEB,
 editor =	{J. Bares},
 volume =	{2413},
 annote =	{6-10 Feb., San Jose, California},
 lccn =	{DHH Z252.5.N64 C65 1995}
}

@proceedings{pspie2171,
 title =	{Proc. SPIE: Color hard copy and graphic arts III},
 booktitle =	{Proc. SPIE: Color hard copy and graphic arts III},
 year =	{1994},
 month =	FEB,
 editor =	{J. Bares},
 volume =	{2171},
 annote =	{7-10 Feb. 1994, San Jose, California},
 lccn =	{DHH Z252.5.N64 C65 1994}
}

@proceedings{pspie1912,
 title =	{Proc. SPIE: Color hard copy and graphic arts II},
 booktitle =	{Proc. SPIE: Color hard copy and graphic arts II},
 year =	{1993},
 month =	FEB,
 editor =	{J. Bares},
 volume =	{1912},
 annote =	{1-4 Feb. 1993, San Jose, California},
 lccn =	{DHH Z252.5.N64 C65 1993}
}

@proceedings{pspie1670,
 title =	{Proc. SPIE: Color hard copy and graphic arts},
 booktitle =	{Proc. SPIE: Color hard copy and graphic arts},
 year =	{1992},
 month =	FEB,
 editor =	{J. Bares},
 volume =	{1670},
 annote =	{11-14 Feb. 1992, San Jose, California},
 lccn =	{DHH Z252.5.N64 C65 1992}
}

@proceedings{pspie2411,
 title =	{Proc. SPIE: Human vision, visual processing, and
		 digital display VI},
 booktitle =	{Proc. SPIE: Human vision, visual processing, and
		 digital display VI},
 year =	{1995},
 month =	FEB,
 editor =	{B. E. Rogowitz and J. P. Allebach},
 volume =	{2411},
 annote =	{6-8 Feb. 1995, San Jose, California},
 lccn =	{DHH TK8315 .H86 1995}
}

@proceedings{pspie2179,
 title =	{Proc. SPIE: Human vision, visual processing, and
		 digital display V},
 booktitle =	{Proc. SPIE: Human vision, visual processing, and
		 digital display V},
 year =	{1994},
 month =	FEB,
 editor =	{B. E. Rogowitz and J. P. Allebach},
 volume =	{2179},
 annote =	{8-10 Feb. 1994, San Jose, California},
 lccn =	{DHH TK8315 .H86 1994},
}

@proceedings{pspie1913,
 title =	{Proc. SPIE: Human vision, visual processing, and
		 digital display IV},
 booktitle =	{Proc. SPIE: Human vision, visual processing, and
		 digital display IV},
 year =	{1993},
 month =	FEB,
 editor =	{J. P. Allebach and B. E. Rogowitz},
 volume =	{1913},
 annote =	{1-4 Feb. 1993, San Jose, California},
 lccn =	{DHH TK8315 .H86 1993}
}

@proceedings{pspie1666,
 title =	{Proc. SPIE: Human vision, visual processing, and
		 digital display III},
 booktitle =	{Proc. SPIE: Human vision, visual processing, and
		 digital display III},
 year =	{1992},
 month =	FEB,
 editor =	{B. E. Rogowitz},
 volume =	{1666},
 annote =	{10-13 Feb. 1992, San Jose, California},
 lccn =	{DHH TK8315 .H86 1992}
}

@proceedings{pspie1453,
 booktitle =	{Proc. SPIE: Human vision, visual processing, and
		 digital display II},
 title =	{Proc. SPIE: Human vision, visual processing, and
		 digital display II},
 year =	{1991},
 month =	FEB,
 editor =	{B. E. Rogowitz and M. H. Brill and J. P. Allebach},
 volume =	{1453},
 annote =	{27 Feb.-1 March 1991, San Jose, California},
 lccn =	{DHH TK8315 .H86 1991}
}

@proceedings{pspie1019,
 booktitle =	{Proc. SPIE: Thin Film Technologies III},
 title =	{Proc. SPIE: Thin Film Technologies III},
 year =	{1988},
 month =	SEP,
 editor =	{K.H. Guenther and H. K. Pulker},
 volume =	{1019},
 annote =	{22-23 Sept. 1988, Hamburg, Germany},
 lccn =	{},
}

@proceedings{pspie1270,
 booktitle =	{Proc. SPIE: Optical Thin Films and Applications},
 title =	{Proc. SPIE: Optical Thin Films and Applications},
 year =	{1990},
 month =	MAR,
 editor =	{R. Herrman},
 volume =	{1270},
 annote =	{12-13 March 1990, The Hague, Netherlands},
 lccn =	{},
}

@proceedings{pspie1077,
 booktitle =	{Proc. SPIE: Human vision, visual processing, and
		 digital display},
 title =	{Proc. SPIE: Human vision, visual processing, and
		 digital display},
 year =	{1989},
 month =	JAN,
 editor =	{B. E. Rogowitz},
 volume =	{1077},
 annote =	{18-20 Jan. 1989, Los Angeles, California},
 lccn =	{DHH TK8315 .H86 1989}
}

@proceedings{pspie1244,
 booktitle =	{Proc. SPIE: Image processing algorithms and techniques},
 title =	{Proc. SPIE: Image processing algorithms and techniques},
 year =	{1990},
 month =	FEB,
 editor =	{K. S. Pennington},
 volume =	{1244},
 annote =	{12-14 Feb. 1990, Santa Clara, CA},
 lccn =	{DHH TA1632 .I458 1990}
}

@proceedings{pspie1452,
 booktitle =	{Proc. SPIE: Image processing algorithms and
		 techniques II},
 title =	{Proc. SPIE: Image processing algorithms and
		 techniques II},
 year =	{1991},
 month =	FEB,
 editor =	{M. R. Civanlar and S. K. Mitra and R. J. Moorhead, II},
 volume =	{1452},
 annote =	{Feb.-1 March 1991, San Jose, CA},
 lccn =	{DHH TA1632 .I458 1991}
}

@proceedings{pspie1657,
 booktitle =	{Proc. SPIE: Image processing algorithms and
		 techniques III},
 title =	{Proc. SPIE: Image processing algorithms and
		 techniques III},
 year =	{1992},
 month =	FEB,
 editor =	{J. R. Sullivan and M. Rabbani and B. M. Dawson},
 volume =	{1657},
 annote =	{10-13 Feb. 1992, San Jose, CA},
 lccn =	{DHH TA1632 .I458 1992}
}

@proceedings{pspie1458,
 booktitle =	{Proc. SPIE: Printing technologies for images, gray
		 scale, and color}, 
 title =	{Proc. SPIE: Printing technologies for images, gray
		 scale, and color},
 year =	{1991},
 month =	FEB,
 editor =	{D. B. Dove and T. Abe and J. Heinzl},
 volume =	{1458},
 annote =	{26-28 Feb. 1991, San Jose, California},
 lccn =	{DHH Z249.3 .P5 1991}
}


@proceedings{pspie1253,
 booktitle =	{Proc. SPIE: Hard copy and printing materials, media,
		 and processes},
 title =	{Proc. SPIE: Hard copy and printing materials, media,
		 and processes},
 year =	{1990},
 month =	FEB,
 editor =	{J. Gaynor},
 volume =	{1253},
 annote =	{13-16 Feb. 1990,Santa Clara, CA},
 lccn =	{DHH Z249.3 .H36 1990}
}

@proceedings{pspie5306,
  booktitle =     {Proc. {SPIE}: Security, Steganography, and Watermarking of Multimedia Contents {VI}},
  title =     {Proc. {SPIE}: Security, Steganography, and Watermarking of Multimedia Contents {VI}},
  month =        JAN,  
  year =          {2004},
  editor =        {E. J. Delp and P. W. Wong},
  volume =        {5306},
  annote =        {19-22 January 2004, San Jose, CA},
}


@proceedings{pspie3971,
 booktitle =	{Proc. SPIE: Security and Watermarking of Multimedia Contents II},
 title =	{Proc. SPIE: Security and Watermarking of Multimedia Contents II},
 year =	{2000},
 month =	JAN,
 editor =	{P. W. Wong and E. J. Delp},
 volume =	{3971},
 annote =	{24-26 January 2000, San Jose, CA},
 lccn =	{},
}

@proceedings{pspie3657,
 booktitle =	{Proc. SPIE: Security and Watermarking of Multimedia Contents},
 title =	{Proc. SPIE: Security and Watermarking of Multimedia Contents},
 year =	{1999},
 month =	JAN,
 editor =	{P. W. Wong and E. J. Delp},
 volume =	{3657},
 annote =	{24-26 January 1999, San Jose, CA},
 lccn =	{},
}

@proceedings{pspie3963,

 title =        {Proc. SPIE: Color Imaging: Device-Independent Color, Color Hardcopy, and Graphic Arts V},
 booktitle =    {Proc. SPIE: Color Imaging: Device-Independent Color, Color Hardcopy, and Graphic Arts V},
 month =        JAN,
 year = {2000},
 editor =       {R. Eschbach and G. G. Marcu},
 volume =       {3963},
 annote =       {25-28 January 2000, San Jose, CA, part of IS\&T/SPIE's Electronic Imaging Symposium 2000 },
 lccn = {},
}

@proceedings{pspie4314,
 booktitle =	{Proc. SPIE: Security and Watermarking of Multimedia Contents III},
 title =	{Proc. SPIE: Security and Watermarking of Multimedia Contents III},
 year =	{2001},
 month =	JAN,
 editor =	{P. W. Wong and E. J. Delp},
 volume =	{4314},
 annote =	{22-25 January 2001, San Jose, CA},
 lccn =	{},
}

@proceedings{pspie4662,
 booktitle =	{Proc. SPIE: Human Vision and Electronic Imaging VII},
 title =	{Proc. SPIE: Human Vision and Electronic Imaging VII},
 year =	{2002},
 month =	JAN,
 editor =	{B. E. Rogowitz and T. N. Pappas},
 volume =	{4662},
 annote =	{20-25 January 2002, San Jose, CA, part of IS\&T/SPIE's Electronic Imaging Symposium 2002 },
 lccn =	{},
}

@proceedings{pspie5007,
 booktitle =	{Proc. SPIE: Human Vision and Electronic Imaging VIII},
 title =	{Proc. SPIE: Human Vision and Electronic Imaging VIII},
 year =	{2003},
 month =	JAN,
 editor =	{B. E. Rogowitz and T. N. Pappas},
 volume =	{5007},
 annote =	{20-24 January 2003, San Jose, CA, part of IS\&T/SPIE's Electronic Imaging Symposium 2002 },
 lccn =	{},
}

@proceedings{pspie4675,
 booktitle =	{Proc. SPIE: Security and Watermarking of Multimedia Contents IV},
 title =	{Proc. SPIE: Security and Watermarking of Multimedia Contents IV},
 year =	{2002},
 month =	JAN,
 editor =	{E. J. Delp and P. W. Wong },
 volume =	{4675},
 annote =	{20-25 January 2002, San Jose, CA, part of IS\&T/SPIE's Electronic Imaging Symposium 2002 },
 lccn =	{},
}

@proceedings{pspie5020,
 booktitle =	{Proc. SPIE: Security and Watermarking of Multimedia Contents V},
 title =	{Proc. SPIE: Security and Watermarking of Multimedia Contents V},
 year =	{2003},
 month =	JAN,
 editor =	{E. J. Delp and P. W. Wong },
 volume =	{5020},
 annote =	{20-24 January 2003, San Jose, CA, part of IS\&T/SPIE's Electronic Imaging Symposium 2003 },
 lccn =	{},
}

@proceedings{pspie6072,
 booktitle =	{Proc. SPIE: Security, Steganography, and Watermarking of Multimedia Contents VIII},
 title =	{Proc. SPIE: Security, Steganography, and Watermarking of Multimedia Contents VIII},
 year =	{2006},
 month =	JAN,
 editor =	{E. J. Delp and P. W. Wong},
 volume =	{6072},
 annote =	{16-19 January 2006, San Jose, CA, part of IS\&T/SPIE's Electronic Imaging Symposium 2006},
 lccn =	{},
}

@proceedings{pspie6505,
 booktitle =	{Proc. SPIE: Security, Steganography, and Watermarking of Multimedia Contents IX},
 title =	{Proc. SPIE: Security, Steganography, and Watermarking of Multimedia Contents IX},
 year =	{2007},
 month =	JAN,
 editor =	{E. J. Delp and P. W. Wong },
 volume =	{6505},
 annote =	{29 January-01 February 2007, San Jose, CA, part of IS\&T/SPIE's Electronic Imaging Symposium 2007},
 lccn =	{},
}

@proceedings{pspie6819,
 booktitle =	{Proc. SPIE: Security, Forensics, Steganography, and Watermarking of Multimedia Contents X},
 title =	{Proc. SPIE: Security, Forensics, Steganography, and Watermarking of Multimedia Contents X},
 year =	{2008},
 month =	JAN,
 editor =	{E. J. Delp and P. W. Wong and J. Dittmann and N. D. Memon},
 volume =	{6819},
 annote =	{28-30 January 2008, San Jose, CA, part of IS\&T/SPIE's Electronic Imaging Symposium 2008},
 lccn =	{},
}

@proceedings{pspie7254,
 booktitle =	{Proc. SPIE: Media Forensics and Security XI},
 title =	{Proc. SPIE: Media Forensics and Security XI},
 year =	{2009},
 month =	JAN,
 editor =	{Edward J. Delp III and Jana Dittmann and Nasir D. Memon and Ping Wah Wong},
 volume =	{7254},
 annote =	{19 - 21 January 2009, San Jose, CA, part of IS\&T/SPIE's Electronic Imaging Symposium 2009},
 lccn =	{},
}

@proceedings{pspie7541,
 booktitle =	{Proc. SPIE: Media Forensics and Security XII},
 title =	{Proc. SPIE: Media Forensics and Security XII},
 year =	{2010},
 month =	JAN,
 editor =	{Edward J. Delp III and Jana Dittmann and Nasir D. Memon and Ping Wah Wong},
 volume =	{7541},
 annote =	{18 - 20 January 2010, San Jose, CA, part of IS\&T/SPIE's Electronic Imaging Symposium 2010},
 lccn =	{},
}




@proceedings{pspie6822,
 booktitle =	{Proc. SPIE: Visual Communications and Image Processing (VCIP)},
 title =	{Proc. SPIE: Visual Communications and Image Processing (VCIP)},
 year =	{2008},
 month =	JAN,
 editor =	{William A. Pearlman and John W. Woods and Ligang Lu},
 volume =	{6822},
 annote =	{29-31 January 2008, San Jose, CA, part of IS\&T/SPIE's Electronic Imaging Symposium 2008},
 lccn =	{},
}


@proceedings{pspie7257,
 booktitle =	{Proc. SPIE: Visual Communications and Image Processing (VCIP)},
 title =	{Proc. SPIE: Visual Communications and Image Processing (VCIP)},
 year =	{2009},
 month =	JAN,
 editor =	{Majid Rabbani and Robert L. Stevenson},
 volume =	{7257},
 annote =	{18-22 January 2009, San Jose, CA, part of IS\&T/SPIE's Electronic Imaging Symposium 2009},
 lccn =	{},
}


@proceedings{pspie4381,
 booktitle =	{Algorithms for Multispectral, Hyperspectral, and Ultraspectral Imagery {VII}},
 title =	{Algorithms for Multispectral, Hyperspectral, and Ultraspectral Imagery {VII}},
 year =	{2001},
 month =	AUG,
 editor =	{Sylvia S. Shen and Michael R. Descour},
 volume =	{4381},
 annote =	{20 August 2001},
 lccn =	{},
}

@proceedings{pspie9301,
 booktitle =	{International Symposium on Optoelectronic Technology and Application 2014: Image Processing and Pattern Recognition},
 title =	{International Symposium on Optoelectronic Technology and Application 2014: Image Processing and Pattern Recognition},
 year =	{2014},
 month =	MAY,
 editor =	{Gaurav Sharma and Fugen Zhou and Jennifer Liu},
 volume =	{9301},
 annote =	{Conference held in Beijing in May 2014, Proceedings published 5 December 2014, Softcover: 128 papers (976) pages},
 lccn =	{},
 isbn =	{9781628413878},
}

@proceedings{pisntEI2016,
 title =	{Proc. IS\&T Int. Symp. Electronic Imaging},
 booktitle =	{Proc. IS\&T Int. Symp. Electronic Imaging},
 month =	FEB,
 year =	{2016},
 editor =	{},
 volume =	{},
 annote =	{San Francisco, California, 14-18 February 2016},
 lccn =	{}
}



@proceedings{wnyip2008,
 title = {IEEE Western New York Image Processing Workshop, Rochester, NY},
 booktitle = {IEEE Western New York Image Processing Workshop, Rochester, NY},
 month =	"26~" # SEP,
 year =	{2008},
 annote =   {Program can be found online at URL:http://ewh.ieee.org/r1/rochester/sp/IP_workshop2008/workshop08.htm},
} 

@proceedings{wnyip2007,
 title = {IEEE Western New York Image Processing Workshop, Rochester, NY},
 booktitle = {IEEE Western New York Image Processing Workshop, Rochester, NY},
 month =	"28~" # SEP,
 year =	{2007},
 annote =   {Program can be found online at URL:http://ewh.ieee.org/r1/rochester/sp/IP_workshop2007/workshop07.htm},
} 

@proceedings{wnyip2006,
 title = {IEEE Western New York Image Processing Workshop, Rochester, NY},
 booktitle = {IEEE Western New York Image Processing Workshop, Rochester, NY},
 month =	"29~" # SEP,
 year =	{2006},
 annote =   {Program can be found online at URL:http://ewh.ieee.org/r1/rochester/sp/IP_workshop2006/workshop06.htm},
} 

@proceedings{wnyip2005,
 title = {IEEE Western New York Image Processing Workshop, Rochester, NY},
 booktitle = {IEEE Western New York Image Processing Workshop, Rochester, NY},
 month =	"30~" # SEP,
 year =	{2005},
} 

@proceedings{ispacs09,
 title={Intl. Symp. on Intelligent Sig. Proc. and Comm. Systems (ISPACS)},
 booktitle={Intl. Symp. on Intelligent Sig. Proc. and Comm. Systems (ISPACS)},
 year={2009}, 
 month=JAN,
} 

@proceedings{pacivs2008,
 title={Proc. of the 10th International Conference on Advanced Concepts for Intelligent Vision Systems (ACIVS 2008)},
 booktitle={Proc. of the 10th International Conference on Advanced Concepts for Intelligent Vision Systems (ACIVS)},
 year={2008}, 
 month=JAN,
 annote = {Orlando, Florida, USA},
}

@proceedings{picdm2004,
 title={Proc. of the 4th IEEE International Conference on Data Mining (ICDM 2004)},
 booktitle={Proc. of the 4th IEEE International Conference on Data Mining (ICDM 2004)},
 year={2008}, 
 month=NOV,
 annote = {Brighton, UK},
}

@Proceedings{mwcas2013,
  title =         {2013 IEEE 56th International Midwest Symposium on Circuits and Systems (MWSCAS)},
  ALTbooktitle =     {56th  IEEE International Midwest Symposium on Circuits and Systems (MWSCAS)},
  booktitle =     {56th IEEE Intl. Midwest Symp. on Circuits and Systems (MWSCAS)},
  month =        AUG,
  year =          {2013},
  editor =        {},
  volume =        {},
  annote =        {4-7, August 2013, Columbus OH},
}
