@string{BASEHOMEURL=      "http://www.ece.rochester.edu/\~{}gsharma"}
@string{BASEPAPDIR=      "papers"}
@string{BASEPAPDIRURL=    BASEHOMEURL # "/"  # BASEPAPDIR }
@string{BMATHBIOL = "B. Math. Biol."}
@string{ASC=      "Amer. Sci."}
@string{AnnuRevGenomHumanGenet = "Annu. Rev. Genom. Human Genet."}
@string{COMMSTAT = "Commun. Stat."}
@string{CURROPINSTRUCTBIOL = "Curr. Opin. in Struct. Biol."}
@string{JAMCAMSOC = "J. Am. Chem. Soc."}
@string{JBIOMOLSTRDYN = "J. Biomol. Struct. Dyn."}
@string{JCOMPBIOL = "J. Comput. Biol."}
@string{JTBIO=      "J. Theor. Biology"}
@string{JMBIO=      "J. Math. Biology"}
@string{JMOLBIO=      "J. Mol. Biol."}
@string{JMIV=      "J. Math. Img. and Vision"}
@string{IBMJ=      "IBM J. Res. Dev."}
@string{TAGAPR=      "TAGA Proc."}
@string{SMPTEJ=      "SMPTE Journal"}
@string{IEEESPECT=      "IEEE Spectrum"}
@string{ASSPMAG =      "IEEE ASSP Mag."}
@string{SPLET =      "IEEE Sig.\ Proc.\ Lett."}
@string{SPMAG =      "IEEE Sig.\ Proc.\ Mag."}
@string{BSTJ =      "Bell Sys.\ Tech.\ J."}
@string{IEEBTV =      "IEEE Trans.\ Broadcast and TV Rec."}
@string{CRNA =      "Color Res.\ Appl."}
@string{AC =      "IEEE Trans.\ Automatic Control"}
@string{CACM=	  "Commun. ACM"}
@string{ACMCS=	  "ACM Comput. Surveys"}
@string{ACMG=	  "ACM Trans.\ Graphics"}
@string{ACMMSW=	  "ACM Trans.\ Math. Software"}
@string{IEEEMultimedia=  "IEEE Multimedia"}
@string{ACM_Multimedia=  "ACM Multimedia Sys. J."}
@string{JACM=	  "Journ. ACM"}
@string{ADVC =    "Advances in Computers"}
@string{AES =     "IEEE Trans.\ Aerospace Electronic Systems"}
@string{AI =      "Artificial Intelligence"}
@string{AL =      "Acoust.\ Lett."}
@string{AO =      "Applied Optics"}
@string{AP =      "IEEE Trans.\ Antennas and Propagation"}
@string{ASE =     "J.\ the Am.\ Soc.\ of Ecocardiography"}
@string{ASSP =    "IEEE Trans.\ Acoust.\ Speech Sign.\ Proc."}
@string{ATARSD =  "Proc.\ of the IEEE Workshop on Advances in Tecniques for Analysis of Remotely Sensed Data"}
@string{BRIEFFUNCGENOM =  "Brief. Funct. Genomic"}
@string{BE =      "J.\ Biomedical Engineering"}
@string{BJR =     "Brit.\ J.\ Radiol."}
@string{BME =     "IEEE Trans.\ Biomed.\ Eng."}
@string{CYBER =     "IEEE Trans.\ Cyber."}
@string{CAS =     "IEEE Trans.\ Circuits and Systems"}
@string{CASVT =   "IEEE Trans.\ Circuits and Syst.\ Video Tech."}
@string{CAT =     "J.\ Comp.\ Assist.\ Tomography"}
@string{CDC =     "IEEE Conf.\ Decision and Control"}
@string{CE   =    "IEEE Trans.\ Consumer Electronics"}
@string{CG=       "Comp.\ Graphics"}
@string{CGA =	  "IEEE Comp.\ Graphics and Applic."}
@string{CGIP = 	  "Computer Graphics and Image Processing"}
@string{CJRS =    "Can.\ J.\ Rem.\ Sens."}
@string{COM =     "IEEE Trans.\ Comm."}
@STRING{IEEE_J_COML       = "{IEEE} Commun. Lett."}
@string{COMMAG =      "IEEE Comm. Mag."}
@string{IEEESELCOMM =     "IEEE J.\ Selected Areas in \ Comm."}
@string{IEEEMAGNET =     "IEEE Trans. Magnetics"}
@string{IEEEBIOINF =     "IEEE Trans. Comput. Biol. Bioinf."}
@string{TVT =     "IEEE Trans.\ Veh.\ Tech."}
@string{COMSYS =     "IEEE Trans.\ Comm. Sys."}
@string{COMP =    "IEEE Trans.\  Computers"}
@string{CVGIP =   "CVGIP: Graphical Models and Image Proc."}
@string{CVGIPIU =  "CVGIP: Image Understanding"}
@string{CVGIPO =  "Comp.\ Vis., Graphics and Image Proc."}
@string{CVGIU =  "Comp.\ Vis. and Image Understanding."}
@string{CVPR =    "IEEE Intl.\ Conf.\ Comp.\ Vision, and Pattern Recog."}
@string{CVPRW =   "IEEE Intl.\ Conf.\ Comp.\ Vision, and Pattern Recog. Workshops"}
@string{WACV    = "IEEE Workshop on Appl.\ of Comp.\ Vision." }
@string{ICCV =    "IEEE Intl.\ Conf.\ Comp.\ Vision."}
@string{ECCV =    "Euro.\ Conf.\ on  Comp.\ Vision"}
@string{DMS =     "J.\ Diagnostic Med.\ Sonography"}
@string{EI =      "SPIE/IS\&T Symp.\ Electronic Imaging Science and Tech."}
@string{EL  =     "Electronic Letters"}
@string{EUSIPCO = "European Signal Proc.\ Conf."}
@string{FTCOMMIT =      "Foundations and Trends in Comm. and Info. Theory"}
@string{GR =      "J.\ Geophysical Research"}
@string{NRLQ =      "Naval Res. Logistics Quart."}
@string{GRS =     "IEEE Trans.\ Geosci.\ and Remote Sensing"}
@string{HDTV1 =   "Signal Processing of HDTV, I"}
@string{HDTV2 =   "Signal Processing of HDTV, II"}
@string{HDTV3 =   "Signal Processing of HDTV, III"}
@string{HUMOLGENET = "Hum. Mol. Genet."}
@string{ICASSP =  "IEEE Intl.\ Conf.\ Acoust.,\ Speech, and Signal Proc."}
@string{ICIAPR =  "IEEE Intl.\ Conf.\ Artif.\ Intel.\ and Pattern Recog."}
@string{ICDAR =   "IEEE Intl.\ Conf.\ Document Analysis and Recog."}
@string{ICIP = 	  "IEEE Intl.\ Conf.\ Image Proc."}
@string{ICOM =    "IEEE Computer"}
@string{ICPR =    "IEEE Intl.\ Conf.\ on Pattern Recog."}
@string{ICRA =    "Proc.\ the IEEE Intl.\ Conf.\ on Robotics and Auto."}
@string{ICSE =    "IEEE Intl.\ Conf.\ Systems Engineering."}
@string{ICSMC =   "IEEE Intl.\ Conf.\ Systems, Man and Cyber."}
@string{IEEE_M_POT        = "{IEEE} Potentials"}
@STRING{IEEE_J_MM         = "{IEEE} Trans. Multimedia"}
@string{IGARSS =  "Proc.\ the IEEE Intl.\ Geoscience and Remote Sensing Symp."}
@string{IJCPR =   "Intl.\ Joint Conf.\ Pattern Recognition"}
@string{IJCV =    "Intl.\ J.\ Computer Vision"}
@string{IJRR = 	  "Intl.\ J.\ of Robotics Research"}
@string{IEEETED = "IEEE Trans. Electron Devices"}
@string{IEEETIFS =      "IEEE Trans. Info.\ Forensics and Security"}		
@string{IP =      "IEEE Trans.\ Image Proc."}
@string{TIP =      "IEEE Trans.\ Image Proc."}
@string{ISCAS =   "IEEE Intl.\ Symp.\ Circuits and Systems"}
@string{ISO =     "IEEE Trans.\ Software Engineering"}
@string{ISP =     "IEEE Trans.\ Signal Proc."}
@string{IT =      "IEEE Trans.\ Info.\ Theory"}
@string{IREIT =      "IRE Trans.\ Info.\ Theory"}
@string{PROCIRE =      "Proc. IRE "}
@string{PHYSREV =      "Physical Review"}
@string{PHYSREVA =      "Physical Review A: General Physics"}
@string{PHYSREVB =      "Physical Review B: Solid State"}
@string{PHYSREVLET =      "Physical Review Letters"}
@string{IVC =     "Image and Vision Computing"}
@string{JAMA =    "J.\ Am.\ Med.\ Assoc."}
@string{JAP =     "J.\ Applied Physics"}
@string{JAPE =    "J. Applied Photographic Eng."}
@string{JASA =    "J.\ Acoust.\ Soc.\ Am."}
@string{JASP =    "EURASIP Journ. Appl. Sig. Proc."}
@string{JAVSP =    "EURASIP Journ. Adv. in Sig. Proc."}
@string{JApplGen = 	  "J.\ Appl. Genet."}
@string{JCU =     "J.\ Clinical Ultras."}
@string{JEI =     "J.\ Electronic Imaging"}
@string{JIIS = 	  "J.\ Intelligent Information Systems"}
@string{JIT = 	  "J.\ Imaging Tech."}
@string{JIST = 	  "J.\ Imaging Sci.\ and Tech."}
@string{JISNT =   "J. Imaging Sys. Tech."}
@string{JIP =     "J.\ Info.\ Processing"}
@string{JMOLEVOL = "J.\ Mol.\ Evol."}
@string{JOSA =    "J.\ Opt.\ Soc.\ Am."}
@string{JOSAA =   "J.\ Opt.\ Soc.\ Am.\ A"}
@string{JUM =     "J.\ Ultras.\ in Med."}
@string{IJSDIR = "Intl.\  J.\ of Spatial Data Infrastructures Research"}
@string{JVCIR =   "J.\ Visual Comm.\ and Image Representation"}
@string{JAMSTAT =   "J. Amer. Stat. Assoc."}
@string{KDE = 	  "IEEE Trans.\ Knowledge and Data Eng."}
@string{MED =     "IEEE Trans.\ Med.\ Imaging"}
@string{METENZYM = "Methods Enzymol."}
@string{MI =      "SPIE Medical Imaging"}
@string{MP =      "Med.\ Phys."}
@string{MR =      "J.\ of Magnetic Resonance"}
@string{MRI =     "Magnetic Resonance Imaging"}
@string{MRM =     "Magnetic Resonance in Medicine"}
@string{NAT =    "Nature"}
@string{NATREV = "Nat. Rev."}
@string{NAR = "Nucleic Acids Res."}
@string{NMAS =    "J.\ of Nuclear Medicine and Allied Sciences"}
@string{OE =      "Optical Engineering"}
@string{PAMI =    "IEEE Trans.\ Pattern Anal.\ Mach.\ Intel."}
@string{PAMS =    "Proc.\ Amer.\ Math.\ Soc."}
@string{PCS =     "Picture Coding Symposium"}
@string{PLOSCOMPBIOL = "PLoS Comput. Biol."}
@string{PMB =     "Phys.\ Med.\ Biol."}
@string{PP = 	  "Perception and Psychophysics"}
@string{PR = 	  "Patt.\ Recogn."}
@string{PRL = 	  "Patt.\ Recogn.\ Ltrs."}
@string{PROCIEEE= "Proc.\ IEEE"}
@string{PROCSPIE= "Proc.\  SPIE"}
@string{PROCSID= "Proc.\ SID"}
@string{PNAS = "Proc. Natl. Acad. Sci. USA"}
@string{SIDID= "Information Display"}
@string{PTODAY= "Phys.\ Today"}
@string{PHYSREV =      "Phys. Rev."}
@string{PHYSREVA =      "Phys. Rev. A"}
@string{PHYSREVB =      "Phys. Rev. B"}
@string{PHYSREVLET =      "Phys. Rev. Let."}
@string{RA =      "IEEE Trans.\ Robotics and Automation"}
@string{RAD =     "Radiology"}
@string{SDILSD =  "Symp.\ Design and Implementation of Large Spatial Databases"}
@comment{note information display is the official publication of SID, i.e., Society for Information Display}
@string{SMC =     "IEEE Trans.\ Sys.,\ Man, and Cyber."}
@string{SP =      "Signal Processing"}
@string{SIAMJC =    "SIAM J. of Comput."}
@string{SIAMJAPM =  "SIAM J. App. Math."}
@string{SPIC =    "Signal Proc.: Image Comm."}
@string{TRENDGEN = "Trends Genet"}
@string{TRENDBIOTECH = "Trends Biotechnol."}
@string{IEEESU =      "IEEE Trans.\ Sonics and Ultrasonics"}
@string{USONIC =       "Ultrasonics"}
@string{UFFC =    "IEEE Trans.\ Ultras.,\ Ferroelect.,\ and Freq.\ Control"}
@string{UI =      "Ultras.\ Imag."}
@string{UMB =     "Ultras.\ in Med.\ and Biol."}
@string{VC   =    "The Visual Computer"}
@string{VCIP =    "SPIE Visual Communications and Image Processing"}
@string{VCG =    "IEEE Trans.\ Visual and Computer Graphics"}
@string{VR=	  "Vis.\ Res."}
@string{WNAM =    "Proc.\ of the IEEE Workshop on Nonrigid and Articulate Mot."}
@string{WRR =	  "Water Resources Research"}
@string{ACMG =   "ACM Trans. on Graphics"}
@string{MM =     "IEEE Multimedia Magazine"}
@string{SPM = "IEEE Sig.\ Proc.\ Mag."}
@string{SSP = "IEEE Stat.\ Sig.\ Proc.\ Workshop"}
@string{DCC = "Data Comp.\ Conf."}
@string{ISIT = "IEEE Intl. Symp.\ Info.\ Theory"}
@string{NIPS = "Adv.\ in Neural Info.\ Proc.\ Sys."}
@string{JMLR = "J.\ of Mach.\ Learning Research"}
@string{CISS = "Proc. Conf.\ on Info.\ Sci.\ and Sys."}
@string{ICML = "Intl.\ Conf.\ on Mach.\ Learning"}
@string{IEEEMB   =    "IEEE Trans.\ Mobile Comp."}
@string{ICIF = "Intl.\ Conf.\ on Info.\ Fusion"}
@string{INFOCOM = "IEEE INFOCOM"}
@string{PC = "IEEE Pervasive Comp."}

IEEE conferences:
-----------------
@STRING( IEEE-C-GLOBECOM= "Conf.\ Rec., IEEE Global Telecomm.\ Conf." )
@STRING( IEEE-C-CVPR    = "Proc.\ IEEE Conf.\ Computer Vision Pattern Recognition" )
@STRING( IEEE-C-ICCV    = "Proc.\ IEEE Int.\ Conf.\ Computer Vision" )
@STRING( IEEE-C-ICASSP  = "Proc.\ IEEE Int.\ Conf.\ Acoustics Speech Signal Processing" )
@STRING( IEEE-C-ICIP    = "Proc.\ IEEE Int.\ Conf.\ Image Processing" )
@STRING( IEEE-C-ICNN    = "Proc.\ IEEE Int.\ Conf.\ Neural Networks" )
@STRING( IEEE-C-ICPR    = "Proc.\ IEEE Int.\ Conf.\ Pattern Recognition" )
@STRING( IEEE-C-ISCAS   = "Proc.\ IEEE Int.\ Symp.\ Circuits and Systems" )
@STRING( IEEE-C-ISGRS   = "Proc.\ IEEE Int.\ Symp.\ Geoscience and Remote Sensing")
@STRING( IEEE-C-PRIP    = "Proc.\ IEEE Conf.\ Pattern Recognition Image Processing" )
@STRING( IEEE-W-VM  = "Proc.\ IEEE Workshop on Visual Motion" )
@STRING( IEEE-W-MRA = "Proc.\ IEEE Workshop on Motion: Representation and Analysis" )
@STRING( IEEE-W-MRI = "Proc.\ IEEE Workshop on Motion: Representation and Interpolation" )
@STRING( IEEE-W-CVRC    = "Proc.\ IEEE Workshop on Computer Vision: Representation and Control" )
@STRING( IEEE-C-ICSCN  = "Proc.\ IEEE Int.\ Conf.\ Signal Processing Communications and Networking" )

Other conferences:
------------------
@STRING( CAIA       = "Proc.\ Conf.\ Artificial Intelligence Applications" )
@STRING( COLLATV    = "Proc.\ Int.\ Coll.\ Advanced Television Syst." )
@STRING( ECCV       = "Proc.\ European Conf.\ Computer Vision" )
@STRING( EUSIPCO-84 = "Signal Process.\ II: Theories and Applications (Proc.\ 2nd European Signal Process.\ Conf.)" )
@STRING( EUSIPCO-86 = "Signal Process.\ III: Theories and Applications (Proc.\ 3rd European Signal Process.\ Conf.)" )
@STRING( EUSIPCO-88 = "Signal Process.\ IV: Theories and Applications (Proc.\ 4th European Signal Process.\ Conf.)" )
@STRING( EUSIPCO-90 = "Signal Process.\ V: Theories and Applications (Proc.\ 5th European Signal Process.\ Conf.)" )
@STRING( EUSIPCO-92 = "Signal Process.\ VI: Theories and Applications (Proc.\ 6th European Signal Process.\ Conf.)" )
@STRING( EUSIPCO-94 = "Signal Process.\ VII: Theories and Applications (Proc.\ 7th European Signal Process.\ Conf.)" )
@STRING( EUSIPCO-96 = "Signal Process.\ VIII: Theories and Applications (Proc.\ 8th European Signal Process.\ Conf.)" )
@STRING( EUSIPCO-98 = "Signal Process.\ IX: Theories and Applications (Proc.\ 9th European Signal Process.\ Conf.)" )
@STRING( IBC        = "Proc.\ Int.\ Broadcast.\ Conv." )
@STRING( ICC        = "Conf.\ Rec., Int.\ Conf.\ Commun." )
@STRING( IJCAI      = "Proc.\ Int.\ Joint Conf.\ Artificial Intell." )
@STRING( IJCPR      = "Proc.\ Int.\ Joint Conf.\ Pattern Recognition" )
@STRING( ICIPA      = "Proc.\ Int.\ Conf.\ Image Processing and Applications" )
@STRING( IUW        = "Proc.\ Image Understanding Workshop" )
@STRING( NCAI       = "Proc.\ Nat.\ Conf.\ Artificial Intelligence" )
@STRING( NTC        = "Conf.\ Rec., Nat.\ Telecommun.\ Conf." )
@STRING( PCS        = "Proc.\ Picture Coding Symposium" )
@STRING( SPIE       = "Proc.\ SPIE" )
@STRING( SPIE-ADIP  = "Proc.\ SPIE Applications of Digital Image Process. " )
@STRING( SPIE-DIP   = "Proc.\ SPIE Digital Image Process." )
@STRING( SPIE-DVCAT = "Proc.\ SPIE Digital Video Compression: Algorithms and Technology" )
@STRING( SPIE-IRCV  = "Proc.\ SPIE Intelligent Robots and Computer Vision" )
@STRING( SPIE-MR    = "Proc.\ SPIE Mobile Robots" )
@STRING( SPIE-RII   = "Proc.\ SPIE Robots Industrial Inspection" )
@STRING( SPIE-SDA   = "Proc.\ SPIE Stereoscopic Displays and Applications" )
@STRING( SPIE-SDVRS = "Proc.\ SPIE Stereoscopic Displays and Virtual Reality Systems" )
@STRING( SPIE-VCIP  = "Proc.\ SPIE Visual Communications and Image Process." )
@STRING( SPIE-SSNGSV  = "Proc.\ SPIE Sensors, Systems, and Next-Generation Satellites V" )
@STRING( VI     = "Proc.\ Conf.\ Vision Interface" )
@STRING( CIl     = "21st IEEE Conv.\ Electrical and Electronic Engineers in Israel" )
Institutions (schools, labs, etc.)
----------------------------------
@STRING( INRS       = "INRS-T\'el\'e\-com\-mu\-ni\-ca\-tions" )
@STRING( MIT        = "Massachusetts Institute of Technology" )
@STRING( MITAIL     = "MIT Artificial Intelligence Laboratory" )
@STRING( UMASS      = "University of Massachusetts" )
@STRING( INRIA      = "Institut National de Recherche en Informatique et en Automatique" )
