
@InProceedings{McCartney76,
  author = 	 "E.J.McCartney",
  title =   "Optics of the Atmosphere: Scattering by Molecules and Particles",
  organization = "John Wiley and Sons",
  year = 	 "1976",
  address = "New York, NY"
}




@InProceedings{Koschmieder24,
  author = 	 "H. Koschmieder",
  title =   "Theorie der horizontalen sichtweite",
  booktitle = "Beitrage zur Physik der freien Atmosphare",
  year = 	 "1924"
}

@InProceedings{Ding:FuseLidarSFM:ICASSP17,
  author = 	 "Li Ding and Gaurav Sharma",
  title =   "Fusing Structure from motion and lidar for accurate dense depth map estimation",
  Fullbooktitle =ICASSP,
  booktitle =ICASSP,
  year = "2017",
  PreviousNote = "submitted to IEEE ICASSP 2017",
  note = "to appear",
  
}

@inproceedings{Ding:ArchBio:ICIP16,
  title={Comparative analysis of homologous buildings using range imaging},
  author={Ding, Li and Elliethy, Ahmed and Freedenberg, Eitan and Wolf-Johnson, S Alana and Romphf, Joshua and Christensen, Peter and Sharma, Gaurav},
  booktitle=ICIP,
  pages={4378--4382},
  year={2016},
  organization={IEEE}
}


@article{blasinski2013per,
  title={Per-colorant-channel color barcodes for mobile applications: An interference cancellation framework},
  author={Blasinski, Henryk and Bulan, Orhan and Sharma, Gaurav},
  journal=TIP,
  volume={22},
  number={4},
  pages={1498--1511},
  year={2013},
  publisher={IEEE}
}

@inproceedings{dinesh2016per,
  title={Per-channel color barcodes for displays},
  author={Dinesh, Karthik and Sharma, Gaurav},
  booktitle=ICIP,
  pages={3992--3996},
  year={2016},
  organization={IEEE}
}


@article{sharma2005ciede2000,
  title={The {CIEDE2000} color-difference formula: Implementation notes, supplementary test data, and mathematical observations},
  author={Sharma, Gaurav and Wu, Wencheng and Dalal, Edul N},
  journal={Color Res. \& Appl.},
  volume={30},
  number={1},
  pages={21--30},
  year={2005},
  publisher={Wiley Online Library}
}


@ARTICLE{1284395, 
author={Zhou Wang and A. C. Bovik and H. R. Sheikh and E. P. Simoncelli}, 
journal=TIP, 
title={Image quality assessment: from error visibility to structural similarity}, 
year={2004}, 
volume={13}, 
number={4}, 
pages={600-612}, 
keywords={data compression;image coding;visual perception;JPEG;JPEG2000;distorted image;error sensitivity;error visibility;human visual perception;human visual system;image compression;image database;perceptual image quality assessment;reference image;structural information;structural similarity index;Data mining;Degradation;Humans;Image quality;Indexes;Layout;Quality assessment;Transform coding;Visual perception;Visual system;Algorithms;Data Interpretation, Statistical;Hypermedia;Image Enhancement;Image Interpretation, Computer-Assisted;Information Storage and Retrieval;Models, Statistical;Pattern Recognition, Automated;Quality Control;Reproducibility of Results;Sensitivity and Specificity;Signal Processing, Computer-Assisted;Subtraction Technique}, 
doi={10.1109/TIP.2003.819861}, 
ISSN={1057-7149}, 
month={April},}


@Misc{ArchBioProjWebsite,
  OPTkey =      {},
  OPTauthor =      {},
  title =      {Architectural Biometrics Project website},
  url={http://www.architecturalbiometrics.com},
  OPThowpublished = {},
  OPTmonth =      {},
  OPTyear =      {},
  OPTnote =      {},
  OPTannote =      {},
}

@inproceedings{el2016color,
  title={A Color Image Database for Haze Model and Dehazing Methods Evaluation},
  author={El Khoury, Jessica and Thomas, Jean-Baptiste and Mansouri, Alamin},
  booktitle={International Conference on Image and Signal Processing},
  pages={109--117},
  year={2016},
  organization={Springer}
}

@techreport{international1999multimedia,
  title={Multimedia systems and equipment--colour measurement and management--part 2-1: Colour management--default RGB colour space--sRGB},
  author={International Electrotechnical Commission and others},
  year={1999},
  institution={IEC 61966-2-1}
}