@inproceedings{schaul2009color,
  title={Color image dehazing using the near-infrared},
  author={Schaul, Lex and Fredembach, Cl{\'e}ment and S{\"u}sstrunk, Sabine},
  booktitle = ICIP,
  fullbooktitle={Proc. IEEE International Conference on Image Processing (ICIP)},
  pages = {1629--1632},
  year={2009}
}




@article{narasimhan2003contrast,
  title={Contrast restoration of weather degraded images},
  author={Narasimhan, Srinivasa G. and Nayar, Shree K.},
  journal = PAMI,
  fulljournal={IEEE transactions on pattern analysis and machine intelligence},
  volume={25},
  number={6},
  pages={713--724},
  year={2003},
  publisher={IEEE}
}




@article{kopf2008deep,
  title={Deep photo: Model-based photograph enhancement and viewing},
  author={Kopf, Johannes and Neubert, Boris and Chen, Billy and Cohen, Michael and Cohen-Or, Daniel and Deussen, Oliver and Uyttendaele, Matt and Lischinski, Dani},
  journal = ACMG,
  volume={27},
  number={5},
  pages={116},
  year={2008},
  publisher={ACM}
}




@article{cai2016dehazenet,
  author={B. Cai and X. Xu and K. Jia and C. Qing and D. Tao}, 
journal = TIP,
fulljournal={IEEE Transactions on Image Processing}, 
title={DehazeNet: An End-to-End System for Single Image Haze Removal}, 
year={2016}, 
volume={PP}, 
number={99}, 
pages={1-1}, 
keywords={Atmospheric modeling;Attenuation;Computational modeling;Estimation;Image color analysis;Image restoration;Scattering;BReLU;Dehaze;deep CNN;image restoration}, 
doi={10.1109/TIP.2016.2598681}, 
ISSN={1057-7149}, 
month={},
}




@inproceedings{berman2016non,
  author = {Berman, Dana and Treibitz, Tali and Avidan, Shai},
title = {Non-Local Image Dehazing},
booktitle = CVPR,
fullbooktitle = {The IEEE Conference on Computer Vision and Pattern Recognition (CVPR)},
month = {June},
year = {2016} }




@article{zhu2015fast,
   title={A fast single image haze removal algorithm using color attenuation prior},
  author={Zhu, Qingsong and Mai, Jiaming and Shao, Ling},
  Journal = TIP,
   fulljournal = {IEEE Transactions on Image Processing},
  volume={24},
  number={11},
  pages={3522--3533},
  year={2015},
  publisher={IEEE}} }




@article{fattal2014dehazing,
  title={Dehazing using color-lines},
  author={Fattal, Raanan},
  journal = ACMG,
  fulljournal={ACM Transactions on Graphics (TOG)},
  volume={34},
  number={1},
  pages={13},
  year={2014},
  publisher={ACM}}




@inproceedings{tang2014investigating,
  title={Investigating haze-relevant features in a learning framework for image dehazing},
  author={Tang, Ketan and Yang, Jianchao and Wang, Jue},
  booktitle = CVPR,
  fullbooktitle={2014 IEEE Conference on Computer Vision and Pattern Recognition},
  pages={2995--3002},
  year={2014},
  organization={IEEE}
}




@inproceedings{sulami2014automatic,
  title={Automatic recovery of the atmospheric light in hazy images},
  author={Sulami, Matan and Glatzer, Itamar and Fattal, Raanan and Werman, Mike},
  booktitle = ICCV,
  fullbooktitle={Computational Photography (ICCP), 2014 IEEE International Conference on},
  pages={1--11},
  year={2014},
  organization={IEEE}
}




@article{ancuti2013single,
  title={Single image dehazing by multi-scale fusion},
  author={Ancuti, Codruta Orniana and Ancuti, Cosmin},
  journal = TIP,
  fulljournal={IEEE Transactions on Image Processing},
  volume={22},
  number={8},
  pages={3271--3282},
  year={2013},
  publisher={IEEE}
}




@inproceedings{meng2013efficient,
  title={Efficient image dehazing with boundary constraint and contextual regularization},
  author={Meng, Gaofeng and Wang, Ying and Duan, Jiangyong and Xiang, Shiming and Pan, Chunhong},
  booktitle = ICCV,
  fullbooktitle={Proceedings of the IEEE International Conference on Computer Vision},
  pages={617--624},
  year={2013}
}




@article{nishino2012bayesian,
  title={Bayesian defogging},
  author={Nishino, Ko and Kratz, Louis and Lombardi, Stephen},
  journal = IJCV,
  fulljournal={International journal of computer vision},
  volume={98},
  number={3},
  pages={263--278},
  year={2012},
  publisher={Springer}
}




@article{he2011single,
  title={Single image haze removal using dark channel prior},
  author={He, Kaiming and Sun, Jian and Tang, Xiaoou},
  journal = PAMI,
  fulljournal={IEEE transactions on pattern analysis and machine intelligence},
  volume={33},
  number={12},
  pages={2341--2353},
  year={2011},
  publisher={IEEE}
}




@inproceedings{ancuti2010fast,
  title={A fast semi-inverse approach to detect and remove the haze from a single image},
  author={Ancuti, Codruta O and Ancuti, Cosmin and Hermans, Chris and Bekaert, Philippe},
  booktitle={Asian Conf. on Computer Vision},
  pages={501--514},
  year={2010},
  organization={Springer}
}




@inproceedings{tarel2009fast,
  title={Fast visibility restoration from a single color or gray level image},
  author={Tarel, Jean-Philippe and Hautiere, Nicolas},
  booktitle = ICCV,
  fullbooktitle={2009 IEEE 12th International Conference on Computer Vision},
  pages={2201--2208},
  year={2009},
  organization={IEEE}
}




@inproceedings{kratz2009factorizing,
  title={Factorizing scene albedo and depth from a single foggy image},
  author={Kratz, Louis and Nishino, Ko},
  booktitle = ICCV,
  fullbooktitle={2009 IEEE 12th International Conference on Computer Vision},
  pages={1701--1708},
  year={2009},
  organization={IEEE}
}




@article{fattal2008single,
  title={Single image dehazing},
  author={Fattal, Raanan},
  journal = ACMG,
  fulljournal={ACM transactions on graphics (TOG)},
  volume={27},
  number={3},
  pages={72},
  year={2008},
  publisher={ACM}
}




@inproceedings{tan2008visibility,
  title={Visibility in bad weather from a single image},
  author={Tan, Robby T},
  booktitle = CVPR,
  fullbooktitle={Computer Vision and Pattern Recognition, 2008. CVPR 2008. IEEE Conference on},
  pages={1--8},
  year={2008},
  organization={IEEE}
}




@inproceedings{scharstein2014high,
  title={High-resolution stereo datasets with subpixel-accurate ground truth},
  author={Scharstein, Daniel and Hirschm{\"u}ller, Heiko and Kitajima, York and Krathwohl, Greg and Ne{\v{s}}i{\'c}, Nera and Wang, Xi and Westling, Porter},
  booktitle={German Conf. on Pattern Recog.},
  pages={31--42},
  year={2014},
  organization={Springer}
}




@inproceedings{silberman2012indoor,
  title={Indoor segmentation and support inference from RGBD images},
  author={Silberman, Nathan and Hoiem, Derek and Kohli, Pushmeet and Fergus, Rob},
  booktitle = ECCV,
  fullbooktitle={European Conference on Computer Vision},
  pages={746--760},
  year={2012},
  organization={Springer}
}




@article{tarel2012vision,
  title={Vision enhancement in homogeneous and heterogeneous fog},
  author={Tarel, Jean-Philippe and Hautiere, Nicholas and Caraffa, Laurent and Cord, Aur{\'e}lien and Halmaoui, Houssam and Gruyer, Dominique},
  journal=IEEE_J_ITS,
  volume={4},
  number={2},
  pages={6--20},
  year={2012},
  publisher={IEEE}
}




@inproceedings{liu2015deep,
  title={Deep convolutional neural fields for depth estimation from a single image},
  author={Liu, Fayao and Shen, Chunhua and Lin, Guosheng},
  booktitle = CVPR,
  fullbooktitle={Proceedings of the IEEE Conference on Computer Vision and Pattern Recognition},
  pages={5162--5170},
  year={2015}
}




D-hazy dataset
@InProceedings{7532754, 
author={C. Ancuti and C. O. Ancuti and C. De Vleeschouwer}, 
title={D-HAZY: A dataset to evaluate quantitatively dehazing algorithms},
booktitle = ICIP, 
year={2016}, 
pages={2226-2230}, 
keywords={Atmospheric modeling;Attenuation;Computational modeling;Image color analysis;Image restoration;Mathematical model;Observers;dehazing;depth;quantitative evaluation}, 
doi={10.1109/ICIP.2016.7532754}, 
month={Sept}}




@inproceedings{ma2013constant,
  title={Constant time weighted median filtering for stereo matching and beyond},
  author={Ma, Ziyang and He, Kaiming and Wei, Yichen and Sun, Jian and Wu, Enhua},
  booktitle=ICCV,
  pages={49--56},
  year={2013}
}


@inproceedings{Ren-ECCV-2016,
    author = {Ren, Wenqi and Liu, Si and Zhang, Hua and Pan, Jinshan and Cao, Xiaochun and Yang, Ming-Hsuan},
    title = {Single Image Dehazing via Multi-Scale Convolutional Neural Networks},
    booktitle = ECCV,
    year = {2016}
}